2136 3660
371 211 546 263 AENEIDOS
563 208 629 263 111ss.
650 210 685 263 11.

89 352 128 410 Et
141 353 253 426 procul:
276 355 309 411 ‘o
322 353 422 425 misen',
439 370 508 426 quaa
521 357 603 410 tanta
614 352 730 425 insania,
745 350 838 410 civesl

89 450 209 508 Creditis
223 455 334 508 avectos
348 450 436 507 hostis
449 454 499 507 aut
512 450 570 508 ulla
583 450 689 522 putatis

87 548 169 604 Dona
183 566 272 605 carere
286 547 356 604 dolis
370 547 519 606 Danauml
538 547 577 604 sic
591 550 674 604 notus
688 545 806 604 Ulixesl

86 645 147 701 Aut
160 644 211 702 hoc
224 644 324 701 melosi
337 644 412 716 ligno
426 642 599 701 occultantur
612 642 722 714 Achivi,
952 665 978 704 as

86 741 148 799 Aut
159 741 227 799 haee
240 742 270 799 in
283 745 392 799 nostros
405 741 540 798 fabricata
553 745 595 797 est
609 739 737 796 machina
750 755 842 795 muros

87 839 249 912 Inspectura
262 839 358 896 domos
371 844 543 910 venturaque
557 837 673 910 desuper
685 836 758 905 urbi,

85 936 145 992 Aut
159 935 258 1007 aliquis
272 935 343 992 latet
357 952 448 993 error:
469 951 539 1006 equo
553 951 588 991 ne
601 932 712 1004 credite,
729 931 834 989 Teucri
959 992 983 1011 ,-

86 1030 228 1103 Quidquid
241 1031 272 1088 id
285 1035 335 1102 est,
351 1031 436 1088 timeo
451 1030 563 1087 Danaos
576 1035 606 1087 et
620 1029 692 1086 dona
705 1018 944 1140 ferentffs

85 1127 131 1184 Sic
145 1127 220 1184 fatus
233 1127 333 1185 validis
347 1127 487 1200 ingentem
500 1126 606 1184 viribus
619 1126 730 1183 hastam
953 1149 977 1188 ss

85 1222 119 1281 In
133 1223 208 1280 latus
221 1223 304 1296 inque
318 1223 370 1280 feri
384 1241 495 1281 curvam
510 1223 687 1296 compagibus
701 1223 793 1280 alvom

85 1318 244 1379 Gontorsit:
264 1320 344 1377 stetit
357 1320 406 1376 illa
419 1325 546 1392 tremens,
562 1325 695 1392 uteroque
708 1336 816 1377 recusso

84 1415 233 1474 Insonuere
246 1434 329 1474 cavae
341 1417 529 1490 gemitumque
543 1417 641 1475 dedere
655 1433 793 1474 cavernae.

83 1512 129 1584 Et,
145 1513 170 1569 si
183 1513 242 1569 fata
255 1513 346 1584 deum,
362 1513 386 1570 si
399 1531 477 1570 mens
490 1532 546 1570 non
558 1513 638 1571 laeva
651 1513 757 1584 fuisset,

84 1609 236 1682 Impulerat
249 1610 320 1666 ferro
334 1610 477 1682 Argolicas
490 1610 600 1668 foedare
612 1610 742 1680 latebras,
950 1633 974 1672 ss

84 1705 218 1777 Troiaque
231 1723 304 1763 nuno
317 1710 412 1777 staret
429 1706 590 1779 Priamique
601 1724 651 1763 arx
664 1706 723 1764 alta
736 1722 867 1762 maneres.

834 1790 907 1843 s

83 1882 165 1936 57-76.
182 1884 268 1943 Simo,
283 1898 301 1932 o
313 1883 390 1933 Greek
399 1898 451 1946 opp,
463 1884 487 1932 r'a
496 1882 620 1946 suddenly
632 1883 671 1934 led
681 1885 712 1933 ia
722 1885 752 1946 ty
761 1897 825 1932 some
835 1881 970 1945 coaptares,

145 1965 198 2013 aad
207 1965 231 2013 c's
241 1964 316 2012 ested
326 1963 367 2013 dra
376 1968 450 2026 story.

161 2092 232 2150 Ecce
245 2110 344 2150 manus
357 2093 485 2151 iuvenem
498 2093 605 2151 interea
617 2098 681 2167 post
694 2098 773 2167 terga
786 2092 940 2151 revinctum

82 2189 209 2246 Pastores
223 2206 323 2262 magno
337 2188 373 2272 ad
385 2208 480 2262 regem
492 2190 610 2248 clamore
624 2190 773 2248 trahebant

81 2271 265 2367 Dardanidae,
282 2287 331 2359 qui
344 2272 375 2345 se
387 2287 514 2360 ignotum
527 2270 703 2346 venientibus
716 2286 798 2360 ultro,

81 2381 142 2439 Hoc
157 2383 248 2455 ipsum
261 2387 295 2440 ut
308 2388 427 2441 strueret
442 2384 606 2457 Troiamque
620 2385 738 2458 aperiret
752 2382 875 2455 Achivis,
948 2397 974 2437 ⁶0

70 2478 235 2554 *Obtulerat
252 2479 339 2538 fidens
353 2481 440 2538 animi
453 2486 538 2554 atque
551 2482 582 2538 in
595 2487 745 2555 utrumque
758 2487 879 2555 paratus,

82 2575 137 2632 Seu
150 2593 257 2634 versare
271 2578 348 2635 dolos
361 2597 411 2636 seu
424 2584 515 2636 certae
529 2579 689 2637 occumbere
701 2580 792 2638 morti

83 2669 212 2742 Undique
225 2673 333 2732 visendi
347 2675 441 2732 studio
456 2675 575 2732 Troiana
588 2676 719 2735 iuventus

82 2765 255 2851 Circumfusa
267 2771 333 2843 ruit,
349 2777 511 2844 certantque
524 2773 648 2830 inludere
663 2779 750 2845 capta

80 2863 183 2936 Accipe
196 2883 269 2922 nune
282 2866 412 2947 Daqaum
425 2869 540 2927 insidias
554 2874 583 2927 et
597 2870 710 2927 crimine
724 2870 760 2927 ab
773 2888 828 2928 uno
948 2885 973 2932 οε

80 2961 165 3018 Disce
179 2962 301 3043 omns„

81 3056 210 3132 Namque
225 3063 416 3134 et‘oonspectu
428 3062 458 3119 in
472 3063 563 3120 medio
576 3063 706 3120 turbatus
720 3063 833 3121 inermis

81 3153 217 3213 Constitit
231 3160 315 3229 atque
330 3158 415 3215 oculis
430 3159 552 3232 Phrygia
565 3160 676 3233 agmina
689 3160 900 3232 circumspexit·

82 3250 172 3322 ‘Heu
188 3269 259 3325 quae
270 3270 343 3309 nunc
357 3253 455 3312 tellus'
469 3256 560 3328 inquit
577 3260 663 3329 ‘quae
673 3273 718 3313 me
731 3274 849 3329 aequora
859 3272 975 3331 possunt

81 3345 212 3420 Accipere
224 3350 234 3404 l
254 3353 303 3405 aut
318 3348 386 3421 quid
398 3350 454 3408 iarn
467 3353 566 3410 misero
579 3352 649 3410 mihi
663 3352 781 3424 denique
793 3358 889 3426 restat,
950 3380 975 3416 φο
