2136 3660
364 189 539 242 AENEIDOS
558 189 623 240 LIB.
645 187 694 240 111.
945 190 976 242 47

87 334 208 392 Italiam
249 330 361 388 Italiam
375 330 480 403 primus
494 329 647 387 conclamat
660 329 789 399 Achates,

84 431 198 488 Italiam
212 429 285 486 laeto
299 427 365 484 socii
378 427 495 484 clamore
508 427 639 485 salutant

84 529 156 585 Tum
170 531 249 600 pater
263 525 396 582 Anchises
409 542 541 598 magnum
555 529 660 582 cratera
673 541 772 582 corona
940 547 977 588 ses

83 624 181 681 Induit
194 622 365 695 inplevitque
378 640 454 679 merc
467 621 600 695 divosque
614 621 725 679 vocavit

84 721 168 780 Stans
182 719 254 776 celsa
268 718 297 774 in
310 719 414 791 puppi:
530 704 538 719 ⁶

84 819 141 876 ‘Di
155 819 239 876 maris
253 823 282 875 et
296 821 385 874 terrae
398 819 650 889 tempestatumque
663 820 799 888 potentes,

83 915 167 973 Ferte
180 916 256 971 viam
270 917 354 971 vento
368 911 476 970 facilem
490 917 520 969 et
533 912 636 985 spirate
650 912 777 969 secundi'

83 1011 266 1070 Crebrescunt
280 1015 392 1084 optatae
405 1027 495 1083 aurae,
510 1015 660 1083 portusque
673 1011 791 1083 patescit
939 1035 977 1075 530

82 1109 145 1166 Iam
159 1109 275 1182 propior,
290 1106 480 1189 templumque
493 1111 608 1180 apparet
621 1107 651 1162 in
663 1124 726 1164 aree
739 1107 888 1165 Minervae.

81 1206 155 1263 Vela
167 1206 263 1279 legunt
276 1205 343 1262 socii
357 1209 386 1262 et
400 1221 494 1277 proras
506 1204 543 1261 ad
557 1203 640 1261 litora
652 1207 789 1277 torquent

82 1303 185 1361 Portus
198 1302 235 1360 ab
249 1303 340 1360 Euroo
353 1301 442 1358 fluctu
456 1306 586 1358 curvatus
601 1301 630 1358 in
643 1318 736 1358 arcum
748 1322 758 1375 ;

82 1401 215 1458 Obiectae
228 1400 301 1458 salsa
313 1403 445 1472 spumant
458 1398 602 1471 aspargine
616 1402 729 1471 cautes3

82 1496 249 1570 Ipselatet3
268 1496 376 1569 gemino
390 1495 544 1553 demittunt
558 1494 684 1552 bracchia
696 1513 776 1551 muro
938 1519 975 1559 533

82 1593 189 1650 Turriti
202 1592 315 1666 scopuli,
329 1592 485 1664 refugitque
498 1592 534 1648 ab
547 1591 628 1649 litore
641 1591 783 1664 templum

82 1688 222 1759 Quattuor
235 1689 288 1758 hio,
302 1689 423 1761 primum
436 1705 524 1757 omen,
540 1705 624 1760 equos
638 1688 668 1744 in
681 1688 804 1760 gramine
817 1687 876 1745 vidi

82 1785 238 1843 Tondentes
252 1803 379 1858 eampum
393 1784 458 1855 late,
474 1784 590 1841 candore
603 1783 696 1841 nivali

81 1881 121 1938 Et
135 1886 214 1954 pater
225 1880 377 1940 Anchises:
398 1880 528 1953 ‘bellum,
543 1899 560 1937 o
574 1885 648 1938 terra
662 1879 779 1952 hospita,
792 1885 904 1954 portas3

81 1977 161 2035 Bello
174 1982 317 2035 armantur
330 1978 402 2051 equi,
416 1977 520 2035 bellum
535 1977 602 2034 haec
615 1983 740 2034 armenta
753 1978 901 2035 minantur.
937 2002 976 2041 ⁵40

81 2073 137 2132 Sed
151 2078 243 2131 tamen
258 2074 329 2132 idem
345 2074 410 2131 olim
425 2092 507 2132 curru
519 2075 661 2132 succedere
675 2075 747 2131 sueti

82 2168 280 2243 Quadrupedes
293 2175 322 2228 et
337 2171 414 2228 frena
428 2171 491 2244 iugo
507 2172 650 2230 concordia
663 2172 750 2231 ferre:

81 2267 151 2340 Spes
164 2272 193 2325 et
206 2266 299 2340 pacis,’
313 2267 361 2326 ait
404 2269 477 2326 Tum
489 2269 605 2326 numina
618 2274 714 2325 sancta
727 2286 869 2340 precamur

81 2363 205 2421 Palladis
218 2364 379 2436 armisonae,
395 2381 465 2436 quae
478 2366 568 2437 prima
580 2364 686 2438 aceepit
700 2365 817 2436 ovantis,

81 2460 121 2517 Et
135 2460 226 2533 capita
239 2465 304 2519 ante
317 2479 380 2518 aras
394 2460 515 2534 Phrygio
528 2461 653 2519 velamur
666 2461 779 2533 amictu,
937 2485 975 2526 με

81 2556 293 2630 Praeceptisque
308 2557 417 2628 Heleni,
431 2557 544 2615 dederat
557 2575 627 2631 quae
640 2557 768 2629 maxima,
784 2557 838 2615 rite

80 2653 184 2712 Iunoni
198 2654 318 2726 Argivae
331 2654 420 2712 iussos
433 2655 574 2713 adolemus
587 2655 710 2713 honorae

80 2831 197 2882 cae-cce.
219 2831 324 2895 Pacao'aq
338 2833 476 2883 Taraciam
487 2832 540 2882 cod
551 2833 638 2894 AEtse,
652 2847 687 2883 sce
699 2833 762 2882 lead
776 2834 806 2883 io
817 2831 856 2882 tiso
871 2837 975 2897 country

147 2911 177 2973 cs
184 2911 222 2960 tte
235 2911 341 2975 Cyclops.

82 3026 165 3085 Haut
178 3045 262 3097 mora,
276 3028 407 3086 continuo
420 3027 549 3102 perfectis
563 3029 657 3087 ordine
670 3029 753 3100 votis,

82 3123 194 3183 Cornua
206 3123 360 3182 velatarum
375 3124 545 3183 obvertimus
559 3130 741 3184 antennarum

82 3219 325 3293 Graiugenumque
339 3221 433 3280 domos
447 3227 628 3296 suspectaque
641 3223 792 3296 linquimus
805 3241 878 3281 arva
939 3250 977 3288 sse

83 3318 161 3376 Hinc
174 3318 252 3376 sinus
267 3318 404 3391 Herculei,
420 3319 445 3376 si
459 3337 527 3378 vera
539 3326 584 3380 est
596 3320 687 3393 lama,
693 3321 819 3379 'lauanti
