2136 3660
82 225 113 276 12
348 222 377 275 P.
395 223 537 274 VERGILI
554 219 710 272 MARONIS

81 365 188 423 Sternit
201 383 286 438 agros,
303 364 403 422 sternit
417 368 479 421 sata
491 363 566 421 laeta
578 363 715 436 boumque
729 362 843 433 labores,

81 462 303 535 Praecipitesque
317 461 406 518 trehit
417 460 509 532 silvas,
526 465 621 533 stupet
635 460 737 516 inscius
752 458 810 516 alto

81 558 228 633 Accipiens
242 560 364 617 sonitum
377 559 439 616 saxi
452 558 487 616 de
500 558 603 615 vertice
616 561 717 630 pastor.

81 709 195 762 eoa-317.
219 710 285 772 Troy
294 711 317 758 tr
328 710 358 759 io
363 709 460 772 flames.
497 708 518 758 I
524 709 574 758 doe
584 724 627 771 my
637 723 742 758 armeus·
753 709 805 758 aad
815 709 911 771 plucqe
922 710 974 757 toto

144 792 184 841 tte
188 791 260 854 scay.

81 899 153 956 Tum
166 917 231 956 vero
245 898 393 956 manifesta
405 898 482 970 fides,
498 897 681 971 Danaumque
694 902 841 971 patescunt

82 996 209 1053 Insidiae
249 996 312 1053 Iam
324 995 464 1068 Deiphobi
478 994 555 1052 dedit
569 994 662 1067 ampla
674 995 783 1050 ruinam
937 1018 975 1057 310

81 1094 204 1151 Volcano
218 1098 365 1167 superante
379 1093 484 1163 domus,
499 1091 556 1148 iam
569 1093 711 1164 proximus
725 1091 805 1149 ardet

81 1188 230 1263 Ucalegon,
248 1190 330 1262 Sigea
343 1189 402 1261 igni
415 1188 487 1245 freta
500 1188 559 1244 lata
572 1188 702 1246 relucent.
782 1266 783 1269 Ἴ

81 1285 213 1343 Exoritur
226 1286 380 1358 clamorque
394 1285 485 1341 virum
499 1284 663 1357 clangorque
677 1285 815 1344 tubarum

80 1382 168 1440 Arma
180 1400 275 1439 amens
289 1382 384 1454 capio,
405 1399 455 1438 nec
468 1386 513 1438 sat
526 1382 642 1438 rationis
656 1383 686 1438 in
700 1382 792 1452 armis,

81 1479 136 1538 Sed
149 1480 298 1552 glomerare
312 1496 425 1534 manum
438 1477 510 1535 bello
524 1483 553 1535 et
567 1471 724 1535 concurrere
737 1479 767 1534 in
780 1496 871 1535 arcem
936 1504 974 1544 ‚31⁵

81 1577 153 1635 (lum
167 1576 246 1634 sociis
261 1575 359 1632 ardent
372 1575 476 1647 animi,
497 1574 572 1631 furor
585 1575 680 1646 iraque
693 1581 815 1631 mentem

81 1673 276 1746 Praecipitant,
292 1671 491 1745 pulchrumque
505 1670 575 1729 mori
589 1671 723 1729 succurrit
736 1671 766 1727 in
780 1671 871 1730 armis.

81 1829 195 1879 318-369.
212 1829 232 1878 Ι
238 1828 376 1890 cmjee'ocd
390 1826 532 1888 mauriaco
547 1826 678 1885 occurentes,
693 1825 754 1874 cuith
764 1824 845 1872 whom
861 1824 880 1873 I
888 1824 973 1872 search

143 1911 175 1959 to
184 1913 252 1972 quest
263 1911 293 1969 os
300 1909 339 1956 the
352 1908 446 1957 Greeks.

161 2015 232 2072 Eece
246 2019 340 2071 autem
354 2013 418 2071 telis
432 2012 560 2069 Panthus
574 2012 682 2085 elapsus
696 2011 840 2082 Achivom,

81 2111 207 2168 Panthus
221 2109 384 2181 Othryades,
400 2108 470 2165 arcis
484 2107 643 2180 Phoebique
657 2107 789 2179 sacerdos,

81 2207 165 2265 Sacra
177 2224 261 2263 manu
274 2205 417 2278 victosque
427 2204 493 2262 deos
505 2222 676 2277 parmamque
690 2210 818 2277 nepotem
936 2229 975 2269 320

81 2304 145 2378 Ipse
159 2303 254 2373 trehit,
271 2320 406 2375 cursuque
420 2319 514 2358 amens
528 2301 564 2358 ad
577 2302 675 2358 limina
688 2302 786 2360 tendit

83 2402 161 2472 ‘Quo
174 2419 217 2458 res
231 2417 340 2456 summa
352 2399 419 2471 loco,
435 2399 567 2457 Panthui
587 2417 670 2472 quam
680 2398 839 2472 prendimus
853 2417 943 2456 arcem
952 2400 972 2457 l'

80 2499 138 2556 Vix
152 2515 184 2555 ea
197 2496 272 2554 fatus
286 2514 368 2568 eram,
384 2496 490 2569 gemitu
504 2515 567 2554 cum
581 2496 650 2553 talia
662 2495 772 2553 reddit:

84 2595 187 2653 ‘Venit
200 2611 309 2652 summa
323 2594 381 2651 dies
396 2598 425 2650 et
438 2592 616 2650 ineluctabile
630 2597 740 2664 tempus

81 2692 246 2762 Dardaniae,
263 2690 378 2746 Fuimus
392 2690 482 2761 Troes,
498 2689 553 2746 fuit
568 2688 653 2745 Ilium
667 2693 696 2745 et
709 2688 806 2760 ingens
937 2715 974 2754 ³2⁵

83 2789 178 2848 Gloria
192 2788 376 2859 Teucrorum3
397 2786 471 2843 ferus
485 2787 578 2844 omnia
592 2785 719 2858 Iuppiter
731 2784 822 2857 Argos

83 2885 255 2957 Transtulit3
276 2885 387 2941 incensa
399 2884 493 2941 Danai
506 2884 684 2941 dominantur
697 2885 727 2941 in
740 2886 815 2945 urbe.

82 2982 194 3040 Arduus
208 2987 329 3038 armatos
342 2980 442 3037 mediis
455 2980 485 3036 in
498 2980 642 3037 moenibus
656 2986 750 3038 astans

83 3079 188 3136 Fundit
202 3097 296 3152 equus,
312 3079 454 3151 victorque
468 3077 555 3135 Sinon
569 3077 695 3135 incendia
708 3079 807 3136 miscet

83 3176 243 3234 Insultans:
263 3175 351 3248 portis
364 3174 412 3231 alii
425 3173 614 3247 bipatentibus
629 3174 738 3247 adsunt,
939 3199 977 3239 ³30

83 3272 165 3330 Milia
177 3276 245 3345 quot
259 3272 366 3344 magnis
380 3288 513 3344 umquam
525 3288 624 3329 venere
638 3271 781 3344 Mycenis3

84 3368 222 3428 Obsedere
236 3368 284 3424 alii
298 3367 362 3424 telis
376 3373 495 3441 anguste
507 3368 615 3424 riarum
