2136 3660
119 174 155 223 52-
377 169 405 221 P.
425 168 568 219 VERGILI
587 168 743 219 Maeonis

118 313 210 371 Sensit
224 317 253 370 et
267 311 302 368 ad
315 312 437 369 sonitum
452 312 526 368 vocis
540 311 658 384 vestigia
671 311 761 367 torsit.

116 409 221 467 Verum
234 409 284 466 ubi
297 408 374 465 nulla
388 409 471 466 datur
485 409 582 466 dextra
596 408 735 465 adfectare
748 410 872 479 potestas
949 456 952 463 .
980 423 1019 472 670

117 506 177 564 Nec
190 507 264 579 potis
277 505 371 562 Ionios
385 505 487 562 fluctus
501 524 617 578 aequare
631 505 777 577 sequendo,

116 604 270 662 Clamorem
285 603 450 660 immensum
464 602 548 675 tollit,
563 621 618 675 quo
631 608 734 674 pontus
749 606 777 658 et
791 618 885 657 omnes

117 700 313 758 Contremuere
328 699 418 757 undae
432 699 596 772 penitusque
611 698 744 756 exterrita
758 698 841 755 tellus

115 798 215 855 Italiae
229 798 374 869 curvisque
388 797 527 868 immugiit
541 797 634 853 Aetna
647 795 778 853 cavernis.

114 897 155 953 At
168 914 254 969 genus
268 913 283 952 e
297 895 374 952 silvis
389 893 540 967 Cyclopum
554 899 583 950 et
597 896 738 952 montibus
752 895 818 952 altis
977 907 1014 957 ὅτε

114 994 246 1051 Excitum
259 993 317 1049 ruit
331 992 367 1048 ad
379 996 475 1063 portua
490 998 518 1048 et
532 992 615 1049 litora
629 994 776 1066 complent.
815 1007 817 1010 ’

115 1090 259 1148 Cernimus
272 1089 409 1146 adstantis
423 1089 589 1161 nequiquam
603 1090 708 1147 lumine
721 1095 801 1147 torvo

113 1189 251 1244 Aetnaeos
266 1187 372 1256 fratres,
387 1185 461 1242 caelo
475 1187 566 1258 capita
580 1188 638 1244 alta
652 1188 774 1258 ferentis,

114 1283 268 1340 Concilium
282 1282 468 1339 horrendum:
489 1283 583 1354 quales
598 1303 660 1341 cum
675 1285 777 1341 vertice
791 1283 862 1341 celso

113 1380 212 1436 Aeriae
225 1396 341 1450 quercus
354 1385 404 1435 aut
418 1379 553 1436 coniferae
567 1382 698 1453 cyparissi
975 1393 1013 1434 aas

114 1476 315 1547 Constiterunt,
330 1475 402 1531 silva
415 1475 473 1532 alta
486 1475 562 1532 Iovis
576 1477 689 1535 lucusve
703 1478 817 1536 Dianae.

114 1573 282 1646 Praecipites
295 1578 386 1629 metus
400 1590 462 1629 acer
475 1573 534 1644 agit
547 1592 719 1648 quocumque
732 1575 856 1632 rudentis

113 1669 251 1728 Excutere
265 1675 293 1728 et
308 1671 399 1727 ventis
413 1670 555 1728 intendere
569 1672 631 1729 vela
644 1673 777 1731 secundis.

114 1768 219 1826 Contra
227 1786 259 1825 ao
269 1768 343 1825 iussa
353 1773 467 1824 monent
476 1768 585 1840 Heleni,
598 1768 719 1839 Scyllam
727 1774 811 1842 atque
821 1768 991 1842 Charybdim

114 1865 199 1936 Inter,
216 1871 361 1937 utramque
375 1865 451 1921 viam
464 1865 515 1923 leti
528 1865 685 1922 discrimine
699 1884 793 1938 parvo,
974 1881 1011 1930 ⁶85

114 1960 153 2016 Ni
168 1966 281 2018 teneant
295 1979 398 2034 cursus,
414 1967 520 2018 certum
534 1967 577 2018 est
591 1962 656 2019 dare
670 1964 757 2020 lintea
770 1968 849 2020 retro.

113 2057 184 2114 Ecce
198 2063 291 2114 autem
306 2058 407 2114 Boreas
421 2065 539 2130 angusta
552 2059 588 2116 ab
602 2060 666 2117 sede
680 2061 772 2118 Pelori

114 2153 217 2209 Missus
231 2153 316 2211 adest.
357 2153 430 2209 Vivo
444 2156 638 2226 praetervehor
652 2159 723 2214 ostia
736 2175 803 2214 saxo

113 2251 266 2322 Pantagiae
280 2250 462 2322 Megarosque
476 2252 552 2308 sinus
567 2252 762 2326 Thapsumque
776 2255 917 2313 iacentem.

114 2347 192 2404 Talia
205 2347 378 2404 monstrabat
392 2347 514 2419 relegens
531 2355 622 2407 errata
634 2339 770 2407 retrorsus
971 2365 1012 2416 ⁶⁹0

112 2444 209 2501 Litora
221 2444 446 2517 Achaemenides,
462 2463 551 2502 comes
565 2446 683 2504 infelicis
698 2447 785 2505 lllixi.

112 2624 226 2676 oea-718.
255 2625 297 2673 We
308 2630 371 2673 coeat
380 2625 463 2675 related
475 2627 561 2688 Sicily.
599 2627 636 2674 Aa
651 2627 799 2688 Drepanum
808 2627 928 2676 Anchises
938 2630 990 2677 dim
996 2646 1009 2689 ,·

175 2706 304 2766 contester
316 2707 413 2766 lennem
425 2707 490 2754 there
501 2721 536 2755 we
547 2721 590 2755 era
608 2707 696 2756 driaco
707 2712 730 2756 to
749 2708 876 2770 Carthaea
913 2711 1009 2759 AEaeac

175 2786 235 2834 endo
245 2786 286 2833 die
297 2788 433 2835 narrative.

191 2901 300 2959 Sicanio
314 2908 458 2974 praetenta
471 2903 535 2960 sinu
549 2904 621 2961 iacet
635 2904 726 2960 insula
739 2910 834 2961 eontra

110 2997 281 3056 Plemurium
295 3000 432 3056 undosum
445 3022 452 3067 ;
472 3019 571 3057 nomen
586 3000 679 3057 dixere
692 3002 795 3072 priores

109 3082 261 3167 Ortygiam
301 3096 441 3169 Alpheum
454 3097 529 3153 fama
544 3101 586 3153 est
600 3097 653 3153 huc
668 3097 757 3154 Elidis
771 3116 880 3155 amnem

108 3183 238 3249 Occultos
253 3194 339 3264 egisse
353 3194 413 3251 vias
427 3193 523 3250 subter
537 3211 619 3262 mare,
635 3194 684 3266 qui
699 3212 771 3251 nunc
968 3209 1006 3260 ⁶9⁵

104 3289 167 3362 Ore,
182 3289 335 3364 Arethusa,
352 3295 401 3347 tuo
416 3290 517 3348 Siculis
531 3291 708 3348 confunditur
723 3290 812 3347 undis.
