2136 3660
86 229 118 278 24
344 225 372 277 P.
392 221 537 274 vussclhl
554 222 712 275 MARONIS

85 365 117 424 si
130 364 200 422 nihil
214 383 248 422 ex
262 368 342 421 tanta
355 363 461 437 superis
474 362 566 436 placet
578 363 647 421 urbe
660 363 787 438 relinqui,

85 462 123 520 Et
137 461 214 520 sedet
227 460 279 518 hoo
293 461 393 533 animo,
408 460 600 534 perituraeque
614 459 714 518 addere
728 461 826 518 Troiae
945 476 987 518 ceo

84 558 177 631 Teque
191 561 308 630 tuosque
322 557 408 628 iuvat,
424 560 503 629 patet
517 556 565 613 isti
578 556 662 613 ianua
675 556 740 628 leto,

84 650 200 722 Iamque
214 649 303 707 aderit
316 648 406 705 multo
421 647 526 705 Priami
540 647 574 705 de
588 648 722 720 sanguine
736 648 868 722 Pyrrhus,

84 745 209 804 Gnatum
222 749 288 802 ante
302 762 350 802 ora
362 744 457 817 patris,
473 749 582 816 patrem
596 745 645 816 qui
658 744 807 802 obtruncat
822 746 859 802 ad
872 764 941 803 aras

84 842 146 900 Hoo
160 847 227 913 erat,
243 841 317 899 alma
330 858 437 914 parens,
451 839 527 913 quod
539 857 584 897 me
598 856 647 912 per
660 839 724 912 tela,
740 857 788 913 per
801 841 875 914 ignis

83 939 183 1012 Eripis,
199 943 232 996 ut
245 937 344 996 mediis
357 937 467 994 hostem
479 937 510 992 ia
523 935 710 1009 penetralibus
723 942 811 1009 utque
944 952 984 1002 aas

82 1036 232 1093 Ascanium
245 1039 407 1107 patremque
421 1050 514 1090 meum
528 1032 662 1106 iuxtaque
676 1032 810 1090 Creusam

82 1129 212 1186 Alterum
225 1128 255 1184 in
269 1127 384 1185 alterius
396 1130 533 1183 mactatos
546 1125 680 1198 sanguine
694 1126 825 1185 carnemt

82 1226 179 1296 Arma,
191 1225 254 1294 viri,
268 1224 338 1282 ferte
351 1240 446 1294 arma3
467 1226 549 1279 vocat
562 1221 612 1278 lux
625 1222 726 1279 ultima
739 1222 846 1282 victos:

83 1321 203 1379 Reddite
217 1338 262 1378 me
275 1319 391 1389 Danais,
404 1319 489 1376 sinite
502 1319 658 1376 instaurato
671 1319 790 1376 revisam

83 1417 209 1476 Proelia:
229 1433 381 1489 numquam
395 1432 489 1472 omnes
502 1413 584 1472 hodie
597 1414 746 1473 moriemur
758 1415 861 1473 inulti?
943 1429 983 1484 ⁶70

83 1585 197 1638 etl-698.
221 1584 279 1634 Two
293 1588 405 1647 pameas
423 1597 523 1646 appear.
559 1583 584 1633 A
603 1598 652 1645 rap
669 1584 794 1646 eaddaalp
809 1588 870 1633 rests
889 1599 922 1634 aa
940 1586 981 1636 aa

146 1666 211 1716 head
221 1669 251 1727 of
257 1664 341 1726 Ialaa,
355 1664 408 1714 arrd
418 1679 436 1713 a
445 1663 557 1727 abactiaq
566 1665 694 1728 starsalla
703 1679 736 1714 ea
746 1666 837 1715 Meaat
847 1665 903 1716 Ida

163 1805 239 1864 Hinc
253 1805 324 1864 ferro
338 1804 464 1878 accingor
476 1821 571 1862 rursus
585 1803 725 1877 clipeoque
739 1803 880 1863 sinistram

83 1904 257 1962 Insertabam
270 1908 370 1976 aptans
383 1919 482 1975 meque
496 1905 575 1959 extra
588 1905 663 1958 tecta
673 1901 805 1974 ferebam.

83 2000 154 2058 Ecce
167 2004 262 2057 autem
276 1998 418 2071 complexa
430 1997 513 2071 pedes
526 1997 557 2054 in
569 1996 665 2054 limine
678 1997 798 2055 coniunx

82 2095 231 2166 Haerebat,
246 2111 417 2167 parvumque
430 2093 504 2166 patri
518 2093 650 2151 tendebat
664 2093 776 2153 Iulum:

84 2190 132 2249 ‘si
145 2191 284 2265 periturus
297 2189 366 2261 abis,
382 2194 412 2247 et
425 2206 475 2246 nos
488 2207 554 2261 rape
567 2189 598 2247 in
612 2190 705 2247 omnia
718 2195 810 2248 tecum
819 2210 829 2264 3
939 2205 978 2256 cn

83 2287 133 2346 sin
146 2287 268 2360 aliquam
282 2289 410 2359 expertus
425 2285 544 2358 sumptis
558 2303 636 2358 spem
649 2285 728 2359 porris
742 2286 771 2343 in
786 2287 879 2359 armis,

82 2384 165 2442 Hanc
177 2384 297 2456 primum
311 2386 404 2440 tutare
418 2381 548 2440 domum:
569 2381 615 2439 cui
627 2399 729 2454 parvus
743 2382 830 2455 Iulus,

83 2479 137 2537 Oui
149 2484 229 2553 pater
242 2483 272 2537 et
286 2478 405 2536 coniunx
418 2478 558 2552 quondam
571 2483 622 2536 tua
635 2478 712 2536 dicta
724 2479 863 2552 relinquor
873 2479 900 2536 t'

163 2575 243 2633 Talia
252 2575 404 2634 vociferans
417 2575 525 2648 gemitu
538 2578 645 2632 tectum
659 2592 740 2632 omne
753 2575 886 2648 replebat,

82 2671 154 2729 Oum
168 2672 292 2729 subitum
306 2671 437 2744 dictuque
451 2671 539 2728 oritur
551 2670 677 2728 mirabile
690 2677 852 2729 monstrum
939 2685 978 2728 ceo

82 2767 211 2840 Namque
224 2785 323 2824 manus
337 2767 411 2824 inter
424 2770 647 2840 maestorumque
661 2785 709 2824 ora
721 2775 868 2841 parentum

82 2865 153 2923 Ecce
166 2864 236 2922 levis
249 2880 358 2920 summo
372 2862 406 2920 de
419 2862 524 2920 vertice
537 2862 614 2919 visus
628 2863 686 2920 Iuli

82 2959 208 3018 Fundere
223 2960 317 3016 lumen
331 2977 401 3033 apex
415 2964 546 3031 tactuque
560 2958 672 3016 innoxia
684 2960 776 3019 mollis

81 3055 215 3113 Lambere
229 3056 342 3113 flamma
355 3073 446 3113 comas
460 3060 489 3113 et
502 3056 605 3113 circum
619 3062 743 3132 tempora
755 3059 837 3133 pasci.

81 3151 110 3208 N
112 3170 142 3209 os
154 3151 250 3224 paridi
263 3151 400 3224 trepidare
413 3156 498 3222 metu,
515 3152 671 3226 crinemque
684 3155 847 3228 fiagrantem
938 3167 977 3220 eas

82 3235 219 3304 Exorare
232 3252 261 3304 et
274 3252 384 3306 sanctos
397 3247 567 3320 restinguere
580 3247 704 3308 fontibus
717 3250 802 3323 ignea

82 3343 121 3400 dt
134 3347 213 3416 pater
226 3343 362 3402 Anchises
376 3343 468 3402 oeulos
481 3344 518 3400 ad
531 3342 622 3402 sidera
634 3344 724 3403 laetus
