2136 3660
382 179 557 231 AENEIDOS
574 181 639 233 LIB.
661 181 695 233 11.
956 185 987 234 17

93 315 231 377 Obsedere
244 318 334 392 fores;
353 319 404 377 has
418 326 530 379 servant
543 323 652 394 agmine
666 322 757 382 densa
948 361 986 399 4⁵0

92 413 247 472 Instaurati
263 417 349 473 animi
362 417 434 490 regis
447 436 602 476 succurrere
616 419 682 477 tect'
783 465 787 471 .

91 509 259 583 Auxilioque
272 511 364 570 levare
377 513 451 571 viros
463 514 575 587 vimque
589 514 689 573 addere
702 514 792 574 victis

171 605 270 664 Limen
284 612 343 665 erat
356 625 504 683 caecaeque
518 609 589 667 fores
603 615 632 667 et
645 611 755 682 pervius
769 628 835 668 usus

90 700 238 759 Tectorum
251 703 325 760 inter
337 722 367 762 se
381 704 493 779 Priami,
508 710 654 779 postesque
667 707 757 766 relicti

89 797 215 872 Atergo,
231 799 328 857 infelix
341 818 396 876 qua
410 819 446 872 se,
463 801 530 858 dum
543 820 627 875 regna
640 803 798 875 manebant,
944 836 981 874 455

89 892 205 967 Saepius
219 895 412 954 Andromache
425 896 496 955 ferre
508 897 672 955 incomitata
685 898 791 957 solebat

87 990 135 1046 Ad
148 1008 254 1048 soceros
267 996 296 1048 et
309 1008 362 1049 avo
371 1009 487 1064 puerum
500 992 672 1064 Astyanacta
685 993 821 1052 trahebat.

88 1086 186 1143 Evado
200 1086 236 1143 ad
249 1088 351 1144 summi
365 1077 477 1160 fastigia
489 1088 624 1160 culminis,
641 1089 714 1147 unde

88 1182 157 1240 Tela
169 1201 254 1240 manu
266 1184 360 1243 miseri
373 1183 515 1241 iactabant
528 1183 614 1243 imita
628 1184 731 1243 Teucri

87 1279 198 1336 Turrim
210 1280 241 1337 in
253 1281 397 1354 praecipiti
410 1285 530 1339 stantem
545 1281 714 1353 summisque
727 1281 780 1339 sub
792 1286 869 1339 astra
945 1307 984 1358 4⁶0

86 1375 224 1433 Eductam
238 1377 328 1448 tectis,
344 1375 417 1435 unde
431 1376 520 1436 omnis
534 1376 616 1436 Troia
628 1376 717 1436 videri

85 1471 125 1530 Et
139 1472 269 1530 Danaum
282 1474 380 1531 solitae
393 1490 478 1530 naves
491 1477 521 1530 et
536 1472 659 1531 Achaica
671 1478 769 1533 castra

85 1565 218 1641 Adgressi
231 1569 302 1626 ferro
316 1569 426 1640 circum,
442 1586 499 1642 qua
511 1585 620 1626 summa
632 1569 753 1627 labantis

85 1663 233 1738 Iuncturas
247 1664 375 1723 tabulata
388 1665 500 1736 dabant,
515 1665 694 1722 convellimus
708 1665 773 1722 altis

85 1759 205 1818 Sedibus
218 1761 422 1835 inpulimusque
433 1781 442 1833 ;
463 1778 496 1817 ea
507 1760 586 1832 lapsa
598 1765 711 1833 repente
723 1761 832 1818 ruinam
939 1780 982 1840 ,4⁶⁵

84 1856 158 1915 Oum
172 1857 265 1914 sonitu
278 1857 366 1914 trahit
379 1863 408 1914 et
421 1856 551 1916 Danaum
565 1873 647 1928 super
660 1856 771 1928 agmina
783 1855 840 1914 late

84 1952 196 2011 Incidit
239 1953 295 2010 Ast
308 1953 356 2010 alii
369 1953 497 2024 subeunt,
514 1970 564 2012 nac
577 1969 644 2012 saxa
657 1970 707 2012 nec
720 1951 809 2012 ullum

85 2050 214 2107 Telorum
228 2050 334 2108 interea
347 2054 435 2108 cessat
448 2066 541 2121 genus,

85 2226 200 2278 sca-505.
219 2226 335 2290 Pyr-riam
345 2227 398 2276 aad
409 2227 489 2276 otiare
500 2227 574 2277 bracla
584 2227 691 2290 throuyh
701 2227 740 2276 the
747 2227 835 2291 palasea
845 2229 916 2278 deors
926 2229 979 2278 aad

81 2365 83 2370 Ι
148 2311 217 2356 enter
226 2309 265 2357 the
272 2307 367 2368 palare.

164 2433 343 2491 Vestibulum
356 2438 422 2491 ante
435 2433 526 2506 ipsum
540 2434 682 2507 primoque
695 2435 725 2491 in
738 2434 834 2493 limine
848 2435 970 2509 Pyrrhus

84 2529 210 2602 Exultat,
226 2531 290 2589 telis
304 2539 333 2590 et
346 2531 407 2588 luce
420 2548 547 2589 coruscus
561 2535 647 2603 adns3
940 2558 979 2597 4⁷0

84 2627 181 2696 Qualis
194 2627 244 2684 ubi
257 2627 287 2683 in
300 2627 389 2685 lucem
403 2627 514 2685 coluber
527 2627 601 2684 mala
613 2627 738 2700 gramina
751 2633 855 2700 pastas,

84 2723 198 2797 Frigida
210 2724 262 2781 sub
276 2729 350 2780 terra
363 2724 503 2780 tumidum
517 2741 599 2795 quem
612 2723 712 2782 bruma
725 2725 844 2798 tegebat,

83 2819 167 2878 Nunc
180 2819 278 2893 positis
286 2837 380 2877 novus
393 2819 500 2876 exuviis
513 2819 673 2893 nitidusque
686 2820 801 2880 iuventa

83 2916 204 2973 Lubrica
217 2915 357 2973 convolvit
371 2914 481 2972 sublato
495 2919 604 2986 pectore
617 2920 696 2988 terga
789 2901 791 2905 ’

82 3012 194 3069 Arduus
208 3012 244 3069 ad
257 3010 350 3083 solem,
367 3018 396 3068 et
409 3012 511 3084 linguis
524 3011 610 3068 micat
624 3029 670 3068 ore
683 3011 811 3068 trisulcis.

82 3108 150 3166 Una
163 3109 260 3181 ingens
274 3107 406 3180 Periphas
421 3113 450 3166 et
464 3125 597 3180 equorum
611 3107 732 3180 agitator
746 3107 870 3181 Achillis,

83 3204 211 3276 Armiger
223 3203 408 3275 Automedon,
425 3222 482 3261 una
495 3204 584 3261 omnis
599 3203 695 3274 Scyria
707 3203 794 3276 pubes

81 3299 239 3358 Succedunt
252 3304 327 3358 tecto
340 3304 369 3356 et
383 3299 507 3356 flammas
521 3299 557 3356 ad
571 3299 692 3357 culmina
704 3299 816 3356 iactam.

519 3407 536 3445 0
