2136 3660
122 217 155 266 44
383 214 411 265 P.
430 215 574 267 VERGILI
591 213 749 270 MARONIS

122 361 268 417 Praeterea
282 357 362 429 siqua
375 361 418 414 est
433 357 540 413 Heleno
554 356 783 430 prudentiarum,

122 457 208 528 Siqua
221 453 297 525 fides,
313 453 436 510 animum
450 453 560 510 siveris
574 453 672 526 implet
686 455 794 527 Apollo,

122 552 218 609 Unum
232 551 302 608 illud
316 550 377 623 tibi,
393 555 460 607 nate
472 550 531 621 dea,
548 568 651 623 proque
664 551 791 609 omnibus
805 570 892 609 unum
983 578 1019 616 ⁴³⁵

122 649 281 707 Praedicam
295 652 324 705 et
337 651 463 720 repetens
476 647 632 720 iterumque
645 647 802 721 iterumque
814 649 949 708 monebo:

122 746 236 802 Iunonis
250 763 366 817 magnae
379 745 499 816 primum
512 761 591 816 prece
604 761 706 801 numen
720 744 812 818 adora,

121 842 222 899 Iunoni
236 859 302 899 cane
316 847 382 898 vota
395 841 484 898 libens
497 840 691 912 dominamque
704 847 848 915 potentem

121 938 297 1012 supplicibus
310 955 409 1010 supera
422 936 510 1009 donis,
525 937 565 994 sic
579 937 698 1009 denique
711 939 800 995 victor

121 1036 262 1093 Trinacria
274 1035 338 1092 finis
352 1034 439 1091 Italos
452 1034 564 1092 mittere
577 1033 683 1094 relicta

121 1134 186 1191 Huc
199 1133 249 1189 ubi
262 1131 371 1189 delatus
385 1130 533 1204 Cymaeam
547 1132 692 1188 accesseris
705 1131 802 1190 urbem

120 1231 292 1302 Divinosque
304 1228 382 1284 lacus
394 1232 424 1285 et
436 1226 548 1285 Averna
561 1229 689 1285 sonantia
702 1228 789 1302 silvis,

80 1394 82 1398 Α
121 1327 250 1385 Insanum
264 1329 358 1382 vatem
371 1324 494 1396 aspicies,
509 1342 579 1396 quae
592 1343 660 1397 mpe
673 1325 725 1382 sub
738 1325 795 1382 ima

121 1423 193 1488 Fata
206 1422 281 1479 cauit
295 1421 423 1492 foliisque
437 1426 517 1476 notas
531 1426 561 1478 et
574 1421 687 1478 nomina
700 1421 823 1480 mandat.

121 1519 314 1590 Quaecumque
327 1517 356 1573 in
368 1517 442 1573 soliis
455 1517 599 1589 descripsit
613 1518 734 1574 carmina
747 1518 832 1590 virgo,

120 1616 231 1688 Digerit
243 1615 273 1671 in
287 1632 432 1672 numerum
446 1619 530 1686 atque
543 1619 624 1671 antro
637 1614 742 1671 seclusa
755 1615 896 1687 relinquit.

121 1713 176 1770 Illa
188 1716 303 1769 manent
315 1712 432 1770 immota
444 1711 511 1768 locis
524 1729 614 1783 neque
627 1711 665 1768 ab
677 1712 771 1769 ordine
785 1712 887 1770 cedunt
897 1735 906 1787 ;

121 1810 225 1868 Verum
239 1809 342 1880 eadem,
358 1827 437 1866 verso
451 1809 543 1866 tenuis
556 1826 618 1865 cum
633 1808 745 1866 cardine
756 1813 857 1867 ventus

121 1907 239 1979 Impulit
253 1910 282 1962 et
295 1911 404 1964 teneras
417 1905 543 1963 turbavit
556 1907 640 1962 ianus
652 1905 771 1975 frondes,

121 2003 283 2075 Numquam
296 2001 395 2059 deinde
410 2020 477 2059 cavo
490 2002 638 2058 volitantia
651 2002 782 2075 prendere
795 2020 864 2060 saxo

122 2099 182 2157 Nec
195 2115 321 2156 revocare
335 2099 406 2154 situs
420 2103 470 2154 aut
484 2099 597 2170 iungere
610 2099 732 2156 carmina
745 2106 843 2159 curat:

122 2193 276 2251 Inconsulti
289 2193 393 2250 abeunt
407 2193 554 2264 sedemque
567 2195 648 2252 cdere
664 2195 791 2269 Sibyllae

124 2291 179 2347 Hic
193 2288 246 2346 tibi
259 2306 349 2360 nequa
361 2307 453 2346 morae
467 2290 570 2346 fuerint
584 2290 726 2363 dispendia
739 2293 823 2362 tanti,

19 2391 21 2395 “
124 2386 257 2456 Quamvis
271 2386 435 2458 increpitent
449 2387 515 2443 socii
530 2392 559 2443 et
572 2387 602 2443 vi
615 2405 710 2444 cursus
724 2388 753 2444 in
767 2388 855 2446 altum

61 2517 63 2521 ,
123 2484 194 2542 Vela
207 2488 286 2540 vocet
300 2483 441 2556 possisque
454 2485 531 2541 sinus
545 2484 660 2557 implere
672 2485 817 2557 secundos,

124 2582 198 2652 Quin
211 2581 293 2638 adem
307 2586 400 2638 vatem
414 2581 594 2655 precibusque
608 2582 718 2639 oracula
731 2601 828 2655 poscas

123 2680 189 2752 Ipsa
202 2682 283 2734 canat
296 2695 447 2750 uocemque
458 2677 552 2735 volens
566 2683 650 2751 atquc
663 2697 713 2736 cra
723 2679 851 2736 resolvat.

124 2777 179 2834 Illa
191 2776 245 2834 tibi
259 2775 359 2833 Italiae
372 2775 486 2848 populos
499 2782 670 2850 venturaque
683 2777 757 2835 bells

124 2882 163 2939 Et
176 2899 230 2954 quo
244 2897 381 2952 quemque
393 2879 475 2936 modo
488 2880 631 2952 fugiasque
645 2881 771 2954 ferasque
783 2882 905 2940 laborem

124 2977 269 3050 Expediet,
284 2993 432 3048 cursusque
446 2976 524 3033 dabit
538 2983 669 3034 venerata
681 2980 821 3039 secundos.

125 3073 202 3129 Haec
215 3077 289 3142 sunt,
303 3090 374 3145 quae
387 3076 482 3128 nostra
495 3069 577 3128 liceat
592 3077 620 3129 te
634 3091 699 3131 voce
713 3075 822 3132 moneri

124 3168 203 3226 Vade
217 3186 267 3242 age
281 3172 310 3226 et
323 3168 463 3240 ingentem
477 3168 559 3225 factis
572 3169 614 3226 fer
627 3171 663 3227 ad
677 3171 788 3229 aethera
802 3171 927 3230 Troianu'
1023 3178 1026 3183 ’
