2136 3660
375 194 550 246 suasinus
566 195 632 247 LIB.
653 194 689 247 11.

87 333 218 393 Induitur
231 336 365 409 laterique
378 335 515 409 Argivum
529 336 717 395 accommodat
730 352 831 393 ensem.

86 431 149 491 Hoc
163 432 294 506 Rhipeus,
310 432 362 491 hoc
375 433 434 506 ipse
447 433 555 504 Dymas
569 433 712 506 omnisque
725 432 856 489 iuventus

86 528 174 588 Iacto
187 530 272 603 facit,
292 530 386 603 spoliis
400 548 429 588 se
442 530 558 604 quisque
571 531 728 589 recentibus
741 532 838 587 armat
942 550 979 591 sos

87 625 222 684 Vadimus
236 627 348 684 inmixti
362 626 469 684 Danais
482 626 558 684 haud
572 627 685 684 numine
698 631 800 698 nostro,

86 723 232 797 Multaque
245 741 294 796 per
308 741 416 781 caecam
430 724 566 797 congressi
580 723 683 796 proelia
695 728 805 780 noctem

86 820 269 892 conserimus,
285 820 388 878 multos
402 820 532 878 Danaum
546 821 719 879 demittimus
733 820 811 877 Orco.

85 916 245 990 Diffugiunt
258 917 306 974 alii
319 917 355 974 ad
368 917 448 975 navis
461 922 490 975 et
503 917 586 975 litora
598 935 680 975 cursu

85 1011 157 1072 Fida
170 1017 272 1087 petunt
283 1033 292 1086 3
312 1031 375 1086 pars
389 1013 530 1086 ingentem
543 1013 689 1071 formidine
703 1012 779 1086 turpi
939 1038 988 1087 400¹

86 1109 229 1169 Soandunt
242 1128 336 1168 rrrrsus
350 1128 450 1183 equom
463 1115 492 1169 et
505 1115 573 1172 nota
585 1111 741 1169 conduntur
753 1111 783 1167 in
797 1110 866 1169 alvo.

87 1287 198 1339 roa-437.
219 1288 253 1337 Io
263 1289 406 1350 attemperas
422 1293 446 1339 to
456 1303 537 1338 rosam
549 1289 691 1339 Cassandra
701 1304 737 1339 we
752 1304 796 1339 osta
806 1288 974 1353 oocrpomd,

147 1367 201 1417 aad
210 1367 231 1417 I
237 1383 317 1430 esccpc
328 1367 390 1418 scith
401 1372 448 1418 two
459 1369 538 1419 others
548 1375 572 1420 to
582 1368 694 1420 Pn'om's
699 1371 795 1434 paura

163 1509 228 1566 Heu
242 1509 312 1566 nihil
325 1509 423 1567 invitis
436 1510 478 1568 fas
492 1529 659 1584 quemquam
671 1512 755 1570 fidere
769 1512 848 1570 divis.

83 1606 154 1664 Ecce
168 1605 332 1663 trahebatur
344 1607 432 1679 passis
447 1606 584 1665 Priameia
597 1609 675 1681 virgo

84 1701 213 1760 Crinibus
227 1719 245 1758 a
257 1703 361 1776 templo
375 1703 530 1761 Cassandra
543 1705 688 1778 adytisque
702 1705 852 1777 Minervae,

81 1796 129 1855 Ad
143 1798 249 1856 caelum
263 1799 379 1857 tendens
393 1799 520 1856 ardentia
532 1799 638 1857 lumina
651 1801 761 1872 frustra,

82 1895 210 1966 Lumina,
226 1914 292 1956 nam
305 1901 414 1954 teneras
427 1895 558 1953 arcebant
570 1897 682 1954 vincula
693 1897 806 1970 palmus.

82 1992 147 2050 Non
161 1992 228 2049 tulit
242 1991 313 2049 hanc
327 1993 445 2066 speciem
458 1993 562 2050 firnata
573 1998 667 2052 mente
682 1993 828 2066 Coroebus,

82 2089 120 2147 Et
134 2107 192 2148 sese
206 2090 328 2147 medium
342 2090 437 2147 iniecit
449 2090 588 2163 periturus
603 2090 633 2147 in
648 2109 764 2165 agmen:

81 2186 282 2258 Consequimur
295 2187 387 2243 cuncti
400 2192 429 2244 et
442 2186 534 2245 densis
547 2187 712 2245 incurrimus
725 2189 817 2247 armis

81 2283 138 2341 Hic
150 2283 271 2356 primurn
285 2301 319 2340 ex
332 2283 390 2341 alto
404 2283 511 2341 delubri
525 2285 644 2342 culmine
658 2285 722 2343 telis

80 2381 247 2438 Nostrorum
261 2380 408 2452 obruimur,
425 2381 565 2454 oriturque
579 2383 732 2439 miserrima
745 2383 840 2441 caedes

80 2475 229 2533 Armorum
243 2476 313 2534 facie
327 2482 355 2533 et
370 2476 516 2535 Graiarum
530 2497 619 2536 errore
632 2479 779 2538 iubarum:

80 2573 153 2629 Tum
169 2573 262 2630 Danai
275 2574 382 2646 gemitu
395 2579 479 2647 atque
494 2580 602 2647 ereptae
615 2576 730 2648 virginis
744 2577 787 2633 ira

81 2668 212 2742 Undique
226 2669 333 2727 collecti
347 2670 492 2741 invadunt,
508 2671 655 2728 acerrimus
669 2671 750 2744 Aiax,

80 2764 119 2821 Et
132 2765 235 2837 gemini
248 2765 371 2838 Atridae,
388 2765 581 2839 Dolopumque
595 2768 729 2826 exercitus
744 2769 849 2844 omnis3
950 2797 960 2825 1

79 2861 199 2919 Adversi
211 2867 294 2934 rupto
308 2881 358 2920 ceu
371 2863 509 2936 quondam
524 2865 635 2922 turbine
647 2866 725 2923 venti

81 2957 248 3032 Oonfiigunt,
265 2959 460 3034 Zephyrusque
474 2960 620 3034 Notusque
634 2967 663 3019 et
676 2962 766 3020 laetus
780 2963 845 3022 Eois

79 3055 171 3113 Eurus
185 3056 280 3129 equis3
301 3057 423 3115 stridunt
437 3058 529 3130 silvae,
543 3059 687 3132 ‘soevitque
702 3059 818 3117 tridenti

80 3150 216 3224 Spumeus
230 3157 314 3225 atque
327 3153 383 3209 imo
397 3154 504 3212 Nereus
519 3155 573 3213 ciet
586 3172 704 3228 aequora
717 3153 810 3215 fundo.

80 3247 128 3304 Illi
143 3249 235 3320 edam,
252 3249 345 3321 siquos
359 3249 474 3308 obscura
486 3257 568 3310 nocto
579 3268 629 3324 por
642 3252 769 3309 umbram

80 3342 216 3403 Fudimus
230 3346 338 3403 insidiis
352 3350 466 3420 totaque
480 3349 647 3422 agitavimus
660 3349 735 3421 urbe,
