2136 3660
373 211 549 264 susumus
565 211 632 264 LIB.
652 211 688 264 11.
950 216 981 268 27

86 355 175 428 Quem
189 374 245 414 non
258 353 381 417 incusavi
396 372 490 412 emens
502 353 700 427 hominumque
714 353 888 427 deorumque,
944 380 981 418 με

85 453 146 511 Aut
159 453 228 527 quid
241 445 271 509 in
285 469 380 510 eversa
392 450 451 508 vidi
465 449 603 508 crudelius
617 450 684 508 urbe
695 451 705 508 t

84 551 237 609 Ascanium
250 548 445 620 Anchisenque
459 552 569 620 patrem
581 547 753 620 Teucrosque
768 547 881 606 Penatis

86 646 256 704 Commendo
269 645 350 703 sociis
364 650 393 702 et
407 663 492 702 curva
504 643 577 701 valle
591 643 727 716 recond0;

85 742 150 816 Ipse
162 742 260 800 urbem
273 746 368 815 repeto
382 746 412 798 et
425 741 519 813 cingor
532 739 704 812 fulgentibus
717 741 809 801 armis.

85 839 150 897 Stat
164 857 243 896 casus
256 856 387 896 renovare
401 837 490 894 omnis
504 854 666 908 omnemque
679 837 782 894 reverti
943 864 981 902 ⁷⁵0

85 936 139 994 Per
152 936 262 993 Troiam
276 940 306 992 et
319 953 413 992 rursus
427 938 511 1006 caput
524 933 660 990 obiectare
673 933 790 1005 periclis

85 1031 224 1104 Principio
237 1048 331 1088 muros
345 1031 514 1102 obscuraque
524 1029 622 1086 liurina
635 1034 738 1103 portae,

85 1127 148 1198 Qua
160 1145 283 1201 gressum
297 1127 458 1198 extuleram,
474 1131 577 1200 repeto,
593 1130 622 1184 et
635 1127 755 1200 vestigia
767 1131 841 1185 retro

84 1224 240 1282 Observata
254 1240 353 1296 sequor
365 1240 415 1296 per
428 1227 538 1280 noctem
552 1226 581 1280 et
594 1222 699 1281 lumine
712 1224 808 1283 lustro.

85 1321 191 1378 Horror
203 1320 307 1393 ubique
320 1319 421 1391 animo,
436 1319 521 1376 simul
534 1319 596 1392 ipsa
608 1319 720 1377 silentia
732 1325 846 1378 terrent.
942 1345 980 1385 753

84 1417 155 1475 Inde
168 1415 289 1488 domum,
305 1417 329 1474 si
343 1416 415 1474 forte
428 1416 534 1490 pedem,
550 1416 575 1473 si
589 1415 660 1474 forte
674 1417 793 1489 tulisset,

84 1514 133 1571 Me
146 1514 240 1572 refero.
283 1513 432 1571 Inruerant
444 1513 537 1570 Danai
548 1519 577 1571 et
591 1519 697 1571 tectum
711 1533 792 1573 omne
805 1514 958 1573 tenebant:

84 1609 167 1667 Ilicet
179 1609 251 1682 ignis
265 1608 336 1666 edax
348 1626 457 1666 summa
470 1609 507 1666 ad
519 1609 633 1682 fastigia
645 1615 729 1667 vento

83 1705 222 1778 Volvitur,
239 1710 404 1779 exsuperant
417 1705 553 1776 flammae,
569 1705 637 1762 furit
651 1711 744 1764 aestus
757 1706 794 1764 cd
806 1723 895 1764 auras

84 1802 206 1861 Procedo
219 1808 249 1860 et
262 1801 368 1859 Priami
380 1801 458 1859 sedes
471 1818 616 1874 arcemque
628 1801 726 1862 reviso.
944 1817 982 1867 ,σο

85 1899 124 1957 Et
138 1899 194 1956 iam
207 1897 359 1972 porticibus
372 1898 467 1955 vacuis
481 1897 597 1956 Iunonis
611 1897 688 1971 asylo

84 1995 220 2054 cuades
233 1995 299 2052 lecti
313 1994 439 2052 Phoenix
451 1999 480 2052 et
494 1994 570 2053 divus
584 1995 683 2053 Ulixes

84 2090 220 2149 Praedam
233 2091 425 2149 adservabont
469 2091 535 2149 Huc
548 2092 670 2165 undique
685 2092 768 2150 Troia
779 2111 848 2168 gaza

83 2187 207 2246 Incensis
221 2192 316 2260 erepta
328 2187 421 2258 adytis
434 2205 600 2261 mensaeque
613 2188 727 2246 deorum

83 2283 264 2356 Orateresque
278 2301 345 2341 auro
358 2283 441 2341 solidi
454 2285 618 2359 captivaque
630 2286 718 2343 vestis
944 2300 981 2349 ⁷⁶⁵

83 2379 265 2452 Congeritur:
286 2379 365 2453 pueri
378 2385 408 2437 et
421 2380 538 2452 pavidae
551 2381 633 2454 longo
646 2381 742 2439 ordIne
755 2385 858 2440 matres

83 2476 168 2535 Stant
182 2477 291 2536 circum.

81 2573 176 2630 Ausus
189 2574 258 2646 quin
271 2574 355 2631 etiam
369 2592 451 2632 voces
465 2574 568 2631 iactare
580 2592 630 2648 per
643 2575 770 2632 umbram

82 2670 202 2743 Implevi
216 2671 334 2728 clamore
346 2672 414 2743 vias,
430 2677 606 2745 maestumque
621 2672 752 2730 Creusam

81 2767 260 2839 Nequiquam
273 2767 445 2840 ingeminans
459 2767 614 2843 iterumque
628 2769 783 2843 iterumque
796 2767 900 2828 vocavi.
942 2795 981 2834 wo

82 2944 197 3074 III-ilat.
218 2943 349 3074 effectu
359 2945 405 2996 lucr
419 2945 488 3009 clucet
503 2961 616 3010 appares,
632 2947 686 3000 bida
701 2962 741 2998 cac
751 2947 793 3010 flu
808 2951 833 2998 to
848 2947 918 3011 Italy
928 2949 980 2998 aaut

158 3040 214 3074 eoos
270 3061 277 3076 .

82 3151 234 3222 Quaerenti
247 3157 277 3210 et
291 3153 373 3210 tectis
386 3153 463 3211 urbis
477 3154 536 3212 sine
549 3154 604 3213 fine
617 3155 721 3213 furenti

81 3248 186 3307 Infelix
199 3249 376 3307 simulacrum
390 3255 475 3324 atque
488 3251 575 3324 ipsius
588 3252 687 3310 umbra
701 3253 820 3311 Creusae

81 3344 152 3403 Visa
165 3344 234 3402 mihi
247 3351 313 3404 ante
326 3345 418 3405 oculos
432 3350 462 3406 et
475 3353 547 3408 nota
558 3349 648 3408 maim
661 3349 772 3424 imago.
