<?xml version="1.0" encoding="UTF-8"?>
<!DOCTYPE html PUBLIC "-//W3C//DTD XHTML 1.0 Transitional//EN"
    "http://www.w3.org/TR/xhtml1/DTD/xhtml1-transitional.dtd">
<html xmlns="http://www.w3.org/1999/xhtml" xml:lang="en" lang="en">
 <head>
  <title>
</title>
<meta http-equiv="Content-Type" content="text/html;charset=utf-8" />
  <meta name='ocr-system' content='tesseract 3.04.00' />
  <meta name='ocr-capabilities' content='ocr_page ocr_carea ocr_par ocr_line ocrx_word'/>
</head>
<body>
  <div class='ocr_page' id='page_1' title='image "./pvergilimaronis09virggoog/pvergilimaronis09virggoog_0073.png"; bbox 0 0 2136 3660; ppageno 0'>
   <div class='ocr_carea' id='block_1_1' title="bbox 121 187 745 242">
    <p class='ocr_par' dir='ltr' id='par_1_1' title="bbox 121 187 745 242">
     <span class='ocr_line' id='line_1_1' title="bbox 121 187 745 242; baseline 0.01 -6"><span class='ocrx_word' id='word_1_1' title='bbox 121 188 152 236; x_wconf 79' lang='lat'><strong>50</strong></span> <span class='ocrx_word' id='word_1_2' title='bbox 378 187 406 241; x_wconf 88' lang='lat' dir='ltr'><strong>P.</strong></span> <span class='ocrx_word' id='word_1_3' title='bbox 426 187 570 241; x_wconf 79' lang='lat' dir='ltr'><strong>VERGILI</strong></span> <span class='ocrx_word' id='word_1_4' title='bbox 587 188 745 242; x_wconf 67' lang='lat' dir='ltr'><strong>Minoum</strong></span> 
     </span>
    </p>
   </div>
   <div class='ocr_carea' id='block_1_2' title="bbox 120 325 921 498">
    <p class='ocr_par' dir='ltr' id='par_1_2' title="bbox 120 325 921 498">
     <span class='ocr_line' id='line_1_2' title="bbox 120 325 921 404; baseline 0.01 -22"><span class='ocrx_word' id='word_1_5' title='bbox 120 325 180 383; x_wconf 90' lang='lat' dir='ltr'><strong>Dat</strong></span> <span class='ocrx_word' id='word_1_6' title='bbox 193 327 294 398; x_wconf 84' lang='lat' dir='ltr'><strong>iuveni,</strong></span> <span class='ocrx_word' id='word_1_7' title='bbox 308 331 392 401; x_wconf 85' lang='lat' dir='ltr'><strong>etque</strong></span> <span class='ocrx_word' id='word_1_8' title='bbox 404 328 527 388; x_wconf 90' lang='lat' dir='ltr'><strong>animum</strong></span> <span class='ocrx_word' id='word_1_9' title='bbox 541 331 680 403; x_wconf 75' lang='lat' dir='ltr'><strong>praesenti</strong></span> <span class='ocrx_word' id='word_1_10' title='bbox 692 331 805 404; x_wconf 75' lang='lat' dir='ltr'><strong>pignore</strong></span> <span class='ocrx_word' id='word_1_11' title='bbox 818 330 921 390; x_wconf 84' lang='lat' dir='ltr'><strong>firmet</strong></span> 
     </span>
     <span class='ocr_line' id='line_1_3' title="bbox 120 421 782 498; baseline 0.011 -20"><span class='ocrx_word' id='word_1_12' title='bbox 120 421 173 480; x_wconf 89' lang='lat' dir='ltr'><strong>Ille</strong></span> <span class='ocrx_word' id='word_1_13' title='bbox 186 423 252 481; x_wconf 88' lang='lat' dir='ltr'><strong>haec</strong></span> <span class='ocrx_word' id='word_1_14' title='bbox 266 424 390 498; x_wconf 88' lang='lat' dir='ltr'><strong>deposita</strong></span> <span class='ocrx_word' id='word_1_15' title='bbox 403 426 515 485; x_wconf 86' lang='lat' dir='ltr'><strong>tandem</strong></span> <span class='ocrx_word' id='word_1_16' title='bbox 529 427 675 486; x_wconf 88' lang='lat' dir='ltr'><strong>formidine</strong></span> <span class='ocrx_word' id='word_1_17' title='bbox 688 428 782 486; x_wconf 84' lang='lat' dir='ltr'><strong>fatur:</strong></span> 
     </span>
    </p>
   </div>
   <div class='ocr_carea' id='block_1_3' title="bbox 121 629 1016 817">
    <p class='ocr_par' dir='ltr' id='par_1_3' title="bbox 121 629 1016 817">
     <span class='ocr_line' id='line_1_4' title="bbox 121 629 1016 741; baseline 0.006 -19"><span class='ocrx_word' id='word_1_18' title='bbox 121 629 234 724; x_wconf 75' lang='lat' dir='ltr'><strong>ele-654.</strong></span> <span class='ocrx_word' id='word_1_19' title='bbox 254 676 294 724; x_wconf 84' lang='lat' dir='ltr'><strong>Hc</strong></span> <span class='ocrx_word' id='word_1_20' title='bbox 311 677 366 725; x_wconf 82' lang='lat' dir='ltr'><strong>tells</strong></span> <span class='ocrx_word' id='word_1_21' title='bbox 379 691 410 726; x_wconf 79' lang='lat' dir='ltr'><strong>rte</strong></span> <span class='ocrx_word' id='word_1_22' title='bbox 427 676 467 725; x_wconf 77' lang='lat' dir='ltr'><strong>tu</strong></span> <span class='ocrx_word' id='word_1_23' title='bbox 484 676 586 740; x_wconf 61' lang='lat' dir='ltr'><strong>tuum,</strong></span> <span class='ocrx_word' id='word_1_24' title='bbox 607 677 661 727; x_wconf 79' lang='lat' dir='ltr'><strong>and</strong></span> <span class='ocrx_word' id='word_1_25' title='bbox 677 692 762 727; x_wconf 77' lang='lat' dir='ltr'><strong>warns</strong></span> <span class='ocrx_word' id='word_1_26' title='bbox 775 692 807 726; x_wconf 86' lang='lat' dir='ltr'><strong>us</strong></span> <span class='ocrx_word' id='word_1_27' title='bbox 823 677 924 740; x_wconf 70' lang='lat' dir='ltr'><strong>accinat</strong></span> <span class='ocrx_word' id='word_1_28' title='bbox 944 677 1016 741; x_wconf 68' lang='lat' dir='ltr'><strong>Porp-</strong></span> 
     </span>
     <span class='ocr_line' id='line_1_5' title="bbox 178 757 291 817; baseline 0.018 -13"><span class='ocrx_word' id='word_1_29' title='bbox 178 757 291 817; x_wconf 74' lang='lat' dir='ltr'><strong>piramus.</strong></span> 
     </span>
    </p>
   </div>
   <div class='ocr_carea' id='block_1_4' title="bbox 119 903 1014 1181">
    <p class='ocr_par' dir='ltr' id='par_1_4' title="bbox 119 903 1014 1181">
     <span class='ocr_line' id='line_1_6' title="bbox 121 903 827 979; baseline 0.004 -18"><span class='ocrx_word' id='word_1_30' title='bbox 121 904 206 962; x_wconf 80' lang='lat' dir='ltr'><strong>‘Sum</strong></span> <span class='ocrx_word' id='word_1_31' title='bbox 220 906 310 978; x_wconf 89' lang='lat' dir='ltr'><strong>patria</strong></span> <span class='ocrx_word' id='word_1_32' title='bbox 323 923 358 962; x_wconf 88' lang='lat' dir='ltr'><strong>ex</strong></span> <span class='ocrx_word' id='word_1_33' title='bbox 371 903 477 978; x_wconf 87' lang='lat' dir='ltr'><strong>Ithaca,</strong></span> <span class='ocrx_word' id='word_1_34' title='bbox 493 923 582 962; x_wconf 89' lang='lat' dir='ltr'><strong>comes</strong></span> <span class='ocrx_word' id='word_1_35' title='bbox 596 905 722 979; x_wconf 84' lang='lat' dir='ltr'><strong>infelicis,</strong></span> <span class='ocrx_word' id='word_1_36' title='bbox 738 905 827 978; x_wconf 83' lang='lat' dir='ltr'><strong>Ulixi,</strong></span> 
     </span>
     <span class='ocr_line' id='line_1_7' title="bbox 119 1001 906 1076; baseline 0.003 -18"><span class='ocrx_word' id='word_1_37' title='bbox 119 1003 239 1059; x_wconf 80' lang='lat' dir='ltr'>Nomine</span> <span class='ocrx_word' id='word_1_38' title='bbox 253 1002 476 1075; x_wconf 78' lang='lat' dir='ltr'><strong>Achaemenides,</strong></span> <span class='ocrx_word' id='word_1_39' title='bbox 492 1002 602 1060; x_wconf 81' lang='lat' dir='ltr'>Troiam</span> <span class='ocrx_word' id='word_1_40' title='bbox 615 1003 739 1076; x_wconf 83' lang='lat' dir='ltr'><strong>genitore</strong></span> <span class='ocrx_word' id='word_1_41' title='bbox 752 1001 906 1060; x_wconf 81' lang='lat' dir='ltr'><strong>Adamasto</strong></span> 
     </span>
     <span class='ocr_line' id='line_1_8' title="bbox 120 1099 1014 1181; baseline 0.02 -27"><span class='ocrx_word' id='word_1_42' title='bbox 120 1099 251 1172; x_wconf 80' lang='lat' dir='ltr'><strong>Paupere,</strong></span> <span class='ocrx_word' id='word_1_43' title='bbox 266 1099 465 1172; x_wconf 77' lang='lat' dir='ltr'><strong>mansissetque</strong></span> <span class='ocrx_word' id='word_1_44' title='bbox 479 1101 586 1156; x_wconf 88' lang='lat' dir='ltr'><strong>utinam</strong></span> <span class='ocrx_word' id='word_1_45' title='bbox 600 1099 719 1169; x_wconf 86' lang='lat' dir='ltr'><strong>fortuna,</strong></span> <span class='ocrx_word' id='word_1_46' title='bbox 733 1100 878 1172; x_wconf 82' lang='lat' dir='ltr'><strong>profectus.</strong></span> <span class='ocrx_word' id='word_1_47' title='bbox 977 1131 1014 1181; x_wconf 62' lang='grc' dir='ltr'><strong>σε,</strong></span> 
     </span>
    </p>
   </div>
   <div class='ocr_carea' id='block_1_5' title="bbox 38 1196 1013 2724">
    <p class='ocr_par' dir='ltr' id='par_1_5' title="bbox 118 1196 837 1365">
     <span class='ocr_line' id='line_1_9' title="bbox 119 1196 837 1269; baseline -0.001 -15"><span class='ocrx_word' id='word_1_48' title='bbox 119 1197 175 1254; x_wconf 89' lang='lat' dir='ltr'><strong>Hic</strong></span> <span class='ocrx_word' id='word_1_49' title='bbox 189 1214 241 1268; x_wconf 87' lang='lat' dir='ltr'><strong>me,</strong></span> <span class='ocrx_word' id='word_1_50' title='bbox 257 1196 323 1253; x_wconf 92' lang='lat' dir='ltr'><strong>dum</strong></span> <span class='ocrx_word' id='word_1_51' title='bbox 337 1196 439 1268; x_wconf 87' lang='lat' dir='ltr'><strong>trepidi</strong></span> <span class='ocrx_word' id='word_1_52' title='bbox 453 1196 574 1253; x_wconf 87' lang='lat' dir='ltr'><strong>crudelia</strong></span> <span class='ocrx_word' id='word_1_53' title='bbox 586 1196 684 1253; x_wconf 91' lang='lat' dir='ltr'><strong>limina</strong></span> <span class='ocrx_word' id='word_1_54' title='bbox 696 1197 837 1269; x_wconf 89' lang='lat' dir='ltr'><strong>linquunt,</strong></span> 
     </span>
     <span class='ocr_line' id='line_1_10' title="bbox 118 1292 737 1365; baseline 0 -17"><span class='ocrx_word' id='word_1_55' title='bbox 118 1293 287 1350; x_wconf 85' lang='lat' dir='ltr'><strong>Inmemores</strong></span> <span class='ocrx_word' id='word_1_56' title='bbox 300 1292 366 1348; x_wconf 86' lang='lat' dir='ltr'><strong>socii</strong></span> <span class='ocrx_word' id='word_1_57' title='bbox 379 1298 459 1349; x_wconf 88' lang='lat' dir='ltr'><strong>vasto</strong></span> <span class='ocrx_word' id='word_1_58' title='bbox 474 1292 600 1365; x_wconf 80' lang='lat' dir='ltr'><strong>Cyclopis</strong></span> <span class='ocrx_word' id='word_1_59' title='bbox 614 1293 643 1348; x_wconf 92' lang='lat' dir='ltr'><strong>in</strong></span> <span class='ocrx_word' id='word_1_60' title='bbox 658 1300 737 1349; x_wconf 89' lang='lat' dir='ltr'><strong>antro</strong></span> 
     </span>
    </p>

    <p class='ocr_par' dir='ltr' id='par_1_6' title="bbox 118 1388 831 1461">
     <span class='ocr_line' id='line_1_11' title="bbox 118 1388 831 1461; baseline 0 -16"><span class='ocrx_word' id='word_1_61' title='bbox 118 1388 276 1446; x_wconf 89' lang='lat' dir='ltr'><strong>Deseruere.</strong></span> <span class='ocrx_word' id='word_1_62' title='bbox 315 1389 423 1446; x_wconf 91' lang='lat' dir='ltr'><strong>Domus</strong></span> <span class='ocrx_word' id='word_1_63' title='bbox 437 1389 512 1446; x_wconf 86' lang='lat' dir='ltr'><strong>sanie</strong></span> <span class='ocrx_word' id='word_1_64' title='bbox 526 1389 696 1461; x_wconf 89' lang='lat' dir='ltr'><strong>dapibusque</strong></span> <span class='ocrx_word' id='word_1_65' title='bbox 710 1390 831 1447; x_wconf 82' lang='lat' dir='ltr'><strong>cruentis</strong></span> 
     </span>
    </p>

    <p class='ocr_par' dir='ltr' id='par_1_7' title="bbox 119 1485 871 1560">
     <span class='ocr_line' id='line_1_12' title="bbox 119 1485 871 1560; baseline 0.004 -18"><span class='ocrx_word' id='word_1_66' title='bbox 119 1485 201 1543; x_wconf 87' lang='lat' dir='ltr'><strong>Intus</strong></span> <span class='ocrx_word' id='word_1_67' title='bbox 215 1503 298 1558; x_wconf 91' lang='lat' dir='ltr'><strong>opaca</strong></span> <span class='ocrx_word' id='word_1_68' title='bbox 311 1486 413 1557; x_wconf 84' lang='lat' dir='ltr'><strong>ingens.</strong></span> <span class='ocrx_word' id='word_1_69' title='bbox 458 1485 522 1558; x_wconf 90' lang='lat' dir='ltr'><strong>Ipse</strong></span> <span class='ocrx_word' id='word_1_70' title='bbox 535 1487 637 1544; x_wconf 85' lang='lat' dir='ltr'><strong>arduus</strong></span> <span class='ocrx_word' id='word_1_71' title='bbox 652 1486 764 1559; x_wconf 80' lang='lat' dir='ltr'><strong>altaque</strong></span> <span class='ocrx_word' id='word_1_72' title='bbox 777 1487 871 1560; x_wconf 88' lang='lat' dir='ltr'><strong>pulsat</strong></span> 
     </span>
    </p>

    <p class='ocr_par' dir='ltr' id='par_1_8' title="bbox 118 1580 1013 1740">
     <span class='ocr_line' id='line_1_13' title="bbox 119 1580 1013 1663; baseline 0.002 -24"><span class='ocrx_word' id='word_1_73' title='bbox 119 1583 215 1640; x_wconf 80' lang='lat' dir='ltr'><strong>Sidera</strong></span> <span class='ocrx_word' id='word_1_74' title='bbox 229 1580 270 1661; x_wconf 87' lang='lat' dir='ltr'><strong>(di</strong></span> <span class='ocrx_word' id='word_1_75' title='bbox 284 1583 369 1640; x_wconf 86' lang='lat' dir='ltr'><strong>talem</strong></span> <span class='ocrx_word' id='word_1_76' title='bbox 383 1583 464 1640; x_wconf 84' lang='lat' dir='ltr'><strong>terris</strong></span> <span class='ocrx_word' id='word_1_77' title='bbox 477 1583 596 1641; x_wconf 87' lang='lat' dir='ltr'><strong>avertite</strong></span> <span class='ocrx_word' id='word_1_78' title='bbox 608 1581 728 1663; x_wconf 86' lang='lat' dir='ltr'><strong>pestem)</strong></span> <span class='ocrx_word' id='word_1_79' title='bbox 975 1617 1013 1659; x_wconf 62' lang='lat'><strong>5„</strong></span> 
     </span>
     <span class='ocr_line' id='line_1_14' title="bbox 118 1680 714 1740; baseline 0.005 -3"><span class='ocrx_word' id='word_1_80' title='bbox 118 1680 147 1737; x_wconf 89' lang='lat' dir='ltr'>N</span> <span class='ocrx_word' id='word_1_81' title='bbox 148 1699 178 1738; x_wconf 90' lang='lat' dir='ltr'><strong>ec</strong></span> <span class='ocrx_word' id='word_1_82' title='bbox 191 1681 254 1737; x_wconf 84' lang='lat' dir='ltr'><strong>visu</strong></span> <span class='ocrx_word' id='word_1_83' title='bbox 267 1680 356 1737; x_wconf 83' lang='lat' dir='ltr'><strong>facilis</strong></span> <span class='ocrx_word' id='word_1_84' title='bbox 368 1698 419 1737; x_wconf 88' lang='lat' dir='ltr'><strong>nec</strong></span> <span class='ocrx_word' id='word_1_85' title='bbox 432 1680 509 1737; x_wconf 91' lang='lat' dir='ltr'><strong>dictu</strong></span> <span class='ocrx_word' id='word_1_86' title='bbox 522 1681 641 1738; x_wconf 84' lang='lat' dir='ltr'><strong>affabilis</strong></span> <span class='ocrx_word' id='word_1_87' title='bbox 654 1681 714 1740; x_wconf 81' lang='lat' dir='ltr'><strong>ulli</strong></span> 
     </span>
    </p>

    <p class='ocr_par' dir='ltr' id='par_1_9' title="bbox 118 1778 852 1852">
     <span class='ocr_line' id='line_1_15' title="bbox 118 1778 852 1852; baseline 0 -17"><span class='ocrx_word' id='word_1_88' title='bbox 118 1778 276 1836; x_wconf 80' lang='lat' dir='ltr'><strong>Visceribus</strong></span> <span class='ocrx_word' id='word_1_89' title='bbox 289 1778 449 1836; x_wconf 88' lang='lat' dir='ltr'><strong>miserorum</strong></span> <span class='ocrx_word' id='word_1_90' title='bbox 463 1782 491 1835; x_wconf 94' lang='lat' dir='ltr'><strong>et</strong></span> <span class='ocrx_word' id='word_1_91' title='bbox 505 1778 637 1852; x_wconf 68' lang='lat' dir='ltr'><strong>sangarius</strong></span> <span class='ocrx_word' id='word_1_92' title='bbox 650 1778 772 1836; x_wconf 86' lang='lat' dir='ltr'><strong>vescitur</strong></span> <span class='ocrx_word' id='word_1_93' title='bbox 784 1783 852 1836; x_wconf 91' lang='lat' dir='ltr'><strong>atro.</strong></span> 
     </span>
    </p>

    <p class='ocr_par' dir='ltr' id='par_1_10' title="bbox 118 1875 856 1949">
     <span class='ocr_line' id='line_1_16' title="bbox 118 1875 856 1949; baseline 0.001 -17"><span class='ocrx_word' id='word_1_94' title='bbox 118 1877 185 1933; x_wconf 87' lang='lat' dir='ltr'><strong>Vidi</strong></span> <span class='ocrx_word' id='word_1_95' title='bbox 199 1880 306 1949; x_wconf 82' lang='lat' dir='ltr'><strong>egomet</strong></span> <span class='ocrx_word' id='word_1_96' title='bbox 320 1875 374 1933; x_wconf 91' lang='lat' dir='ltr'><strong>duo</strong></span> <span class='ocrx_word' id='word_1_97' title='bbox 388 1875 422 1932; x_wconf 95' lang='lat' dir='ltr'><strong>de</strong></span> <span class='ocrx_word' id='word_1_98' title='bbox 436 1893 547 1932; x_wconf 90' lang='lat' dir='ltr'><strong>numero</strong></span> <span class='ocrx_word' id='word_1_99' title='bbox 562 1894 623 1932; x_wconf 92' lang='lat' dir='ltr'><strong>cum</strong></span> <span class='ocrx_word' id='word_1_100' title='bbox 638 1893 750 1949; x_wconf 89' lang='lat' dir='ltr'><strong>corpora</strong></span> <span class='ocrx_word' id='word_1_101' title='bbox 762 1880 856 1933; x_wconf 88' lang='lat' dir='ltr'><strong>nostro</strong></span> 
     </span>
    </p>

    <p class='ocr_par' dir='ltr' id='par_1_11' title="bbox 118 1972 829 2045">
     <span class='ocr_line' id='line_1_17' title="bbox 118 1972 829 2045; baseline 0.004 -17"><span class='ocrx_word' id='word_1_102' title='bbox 118 1973 221 2030; x_wconf 89' lang='lat' dir='ltr'><strong>Preusa</strong></span> <span class='ocrx_word' id='word_1_103' title='bbox 234 1991 317 2030; x_wconf 91' lang='lat' dir='ltr'><strong>manu</strong></span> <span class='ocrx_word' id='word_1_104' title='bbox 331 1990 430 2044; x_wconf 80' lang='lat' dir='ltr'><strong>magna</strong></span> <span class='ocrx_word' id='word_1_105' title='bbox 444 1972 533 2029; x_wconf 90' lang='lat' dir='ltr'><strong>medio</strong></span> <span class='ocrx_word' id='word_1_106' title='bbox 546 1973 691 2045; x_wconf 88' lang='lat' dir='ltr'><strong>resupinus</strong></span> <span class='ocrx_word' id='word_1_107' title='bbox 705 1973 735 2028; x_wconf 91' lang='lat' dir='ltr'><strong>in</strong></span> <span class='ocrx_word' id='word_1_108' title='bbox 748 1977 829 2031; x_wconf 89' lang='lat' dir='ltr'><strong>antro</strong></span> 
     </span>
    </p>

    <p class='ocr_par' dir='ltr' id='par_1_12' title="bbox 117 2069 1011 2235">
     <span class='ocr_line' id='line_1_18' title="bbox 117 2069 1011 2152; baseline 0.002 -26"><span class='ocrx_word' id='word_1_109' title='bbox 117 2070 267 2142; x_wconf 86' lang='lat' dir='ltr'><strong>Frangeret</strong></span> <span class='ocrx_word' id='word_1_110' title='bbox 280 2072 316 2126; x_wconf 88' lang='lat' dir='ltr'><strong>ad</strong></span> <span class='ocrx_word' id='word_1_111' title='bbox 329 2087 426 2125; x_wconf 83' lang='lat' dir='ltr'><strong>sexum</strong></span> <span class='ocrx_word' id='word_1_112' title='bbox 440 2069 569 2140; x_wconf 86' lang='lat' dir='ltr'><strong>sanieque</strong></span> <span class='ocrx_word' id='word_1_113' title='bbox 582 2087 710 2142; x_wconf 86' lang='lat' dir='ltr'><strong>exspersa</strong></span> <span class='ocrx_word' id='word_1_114' title='bbox 721 2075 851 2128; x_wconf 85' lang='lat' dir='ltr'><strong>natarent</strong></span> <span class='ocrx_word' id='word_1_115' title='bbox 972 2101 1011 2152; x_wconf 64' lang='lat'><strong>⁶„</strong></span> 
     </span>
     <span class='ocr_line' id='line_1_19' title="bbox 118 2165 802 2235; baseline 0.003 -13"><span class='ocrx_word' id='word_1_116' title='bbox 118 2167 236 2235; x_wconf 86' lang='lat' dir='ltr'><strong>Limina,</strong></span> <span class='ocrx_word' id='word_1_117' title='bbox 248 2166 307 2222; x_wconf 86' lang='lat' dir='ltr'><strong>vidi</strong></span> <span class='ocrx_word' id='word_1_118' title='bbox 320 2171 381 2221; x_wconf 91' lang='lat' dir='ltr'><strong>atro</strong></span> <span class='ocrx_word' id='word_1_119' title='bbox 394 2183 456 2221; x_wconf 90' lang='lat' dir='ltr'><strong>curn</strong></span> <span class='ocrx_word' id='word_1_120' title='bbox 471 2165 594 2222; x_wconf 91' lang='lat' dir='ltr'><strong>membra</strong></span> <span class='ocrx_word' id='word_1_121' title='bbox 606 2166 722 2224; x_wconf 83' lang='lat' dir='ltr'><strong>fluentis</strong></span> <span class='ocrx_word' id='word_1_122' title='bbox 735 2167 802 2224; x_wconf 85' lang='lat' dir='ltr'><strong>tabo</strong></span> 
     </span>
    </p>

    <p class='ocr_par' dir='ltr' id='par_1_13' title="bbox 118 2261 876 2334">
     <span class='ocr_line' id='line_1_20' title="bbox 118 2261 876 2334; baseline 0.003 -14"><span class='ocrx_word' id='word_1_123' title='bbox 118 2263 263 2320; x_wconf 90' lang='lat' dir='ltr'><strong>Manderet</strong></span> <span class='ocrx_word' id='word_1_124' title='bbox 277 2269 305 2319; x_wconf 89' lang='lat' dir='ltr'><strong>et</strong></span> <span class='ocrx_word' id='word_1_125' title='bbox 318 2261 405 2334; x_wconf 90' lang='lat' dir='ltr'><strong>tepidi</strong></span> <span class='ocrx_word' id='word_1_126' title='bbox 419 2266 569 2319; x_wconf 87' lang='lat' dir='ltr'><strong>tremerent</strong></span> <span class='ocrx_word' id='word_1_127' title='bbox 582 2263 778 2321; x_wconf 91' lang='lat' dir='ltr'><strong>subdentibus</strong></span> <span class='ocrx_word' id='word_1_128' title='bbox 792 2270 876 2322; x_wconf 84' lang='lat' dir='ltr'><strong>artus</strong></span> 
     </span>
    </p>

    <p class='ocr_par' dir='ltr' id='par_1_14' title="bbox 118 2359 846 2433">
     <span class='ocr_line' id='line_1_21' title="bbox 118 2359 846 2433; baseline 0.005 -17"><span class='ocrx_word' id='word_1_129' title='bbox 118 2360 198 2417; x_wconf 92' lang='lat' dir='ltr'><strong>Haut</strong></span> <span class='ocrx_word' id='word_1_130' title='bbox 212 2361 323 2432; x_wconf 88' lang='lat' dir='ltr'><strong>impune</strong></span> <span class='ocrx_word' id='word_1_131' title='bbox 337 2359 468 2433; x_wconf 91' lang='lat' dir='ltr'><strong>quidem;</strong></span> <span class='ocrx_word' id='word_1_132' title='bbox 489 2377 539 2416; x_wconf 93' lang='lat' dir='ltr'><strong>nec</strong></span> <span class='ocrx_word' id='word_1_133' title='bbox 553 2360 622 2417; x_wconf 87' lang='lat' dir='ltr'><strong>talia</strong></span> <span class='ocrx_word' id='word_1_134' title='bbox 635 2377 733 2432; x_wconf 90' lang='lat' dir='ltr'><strong>passus</strong></span> <span class='ocrx_word' id='word_1_135' title='bbox 747 2360 846 2420; x_wconf 80' lang='lat' dir='ltr'><strong>Ulixes</strong></span> 
     </span>
    </p>

    <p class='ocr_par' dir='ltr' id='par_1_15' title="bbox 118 2457 779 2518">
     <span class='ocr_line' id='line_1_22' title="bbox 118 2457 779 2518; baseline 0.003 -4"><span class='ocrx_word' id='word_1_136' title='bbox 118 2457 264 2514; x_wconf 88' lang='lat' dir='ltr'><strong>Oblitusve</strong></span> <span class='ocrx_word' id='word_1_137' title='bbox 278 2458 320 2514; x_wconf 91' lang='lat' dir='ltr'><strong>sui</strong></span> <span class='ocrx_word' id='word_1_138' title='bbox 334 2463 376 2514; x_wconf 91' lang='lat' dir='ltr'><strong>est</strong></span> <span class='ocrx_word' id='word_1_139' title='bbox 390 2457 505 2514; x_wconf 87' lang='lat' dir='ltr'><strong>Ithacus</strong></span> <span class='ocrx_word' id='word_1_140' title='bbox 519 2458 678 2515; x_wconf 86' lang='lat' dir='ltr'><strong>discrimine</strong></span> <span class='ocrx_word' id='word_1_141' title='bbox 691 2463 779 2518; x_wconf 87' lang='lat' dir='ltr'><strong>tanto.</strong></span> 
     </span>
    </p>

    <p class='ocr_par' dir='ltr' id='par_1_16' title="bbox 118 2555 827 2628">
     <span class='ocr_line' id='line_1_23' title="bbox 118 2555 827 2628; baseline -0.001 -15"><span class='ocrx_word' id='word_1_142' title='bbox 118 2556 147 2613; x_wconf 91' lang='lat' dir='ltr'>N</span> <span class='ocrx_word' id='word_1_143' title='bbox 148 2575 193 2613; x_wconf 91' lang='lat' dir='ltr'><strong>am</strong></span> <span class='ocrx_word' id='word_1_144' title='bbox 207 2555 289 2612; x_wconf 89' lang='lat' dir='ltr'><strong>simul</strong></span> <span class='ocrx_word' id='word_1_145' title='bbox 303 2555 426 2628; x_wconf 84' lang='lat' dir='ltr'><strong>expletus</strong></span> <span class='ocrx_word' id='word_1_146' title='bbox 441 2555 557 2628; x_wconf 88' lang='lat' dir='ltr'><strong>dapibus</strong></span> <span class='ocrx_word' id='word_1_147' title='bbox 571 2557 689 2628; x_wconf 90' lang='lat' dir='ltr'><strong>vinoque</strong></span> <span class='ocrx_word' id='word_1_148' title='bbox 703 2555 827 2628; x_wconf 90' lang='lat' dir='ltr'><strong>sepultus</strong></span> 
     </span>
    </p>

    <p class='ocr_par' dir='ltr' id='par_1_17' title="bbox 38 2652 851 2724">
     <span class='ocr_line' id='line_1_24' title="bbox 38 2652 851 2724; baseline 0.001 -15"><span class='ocrx_word' id='word_1_149' title='bbox 38 2661 40 2666; x_wconf 86' lang='lat'>&#39;</span> <span class='ocrx_word' id='word_1_150' title='bbox 119 2652 260 2709; x_wconf 84' lang='lat' dir='ltr'><strong>Cervicem</strong></span> <span class='ocrx_word' id='word_1_151' title='bbox 273 2652 402 2707; x_wconf 86' lang='lat' dir='ltr'><strong>inflexam</strong></span> <span class='ocrx_word' id='word_1_152' title='bbox 416 2652 509 2724; x_wconf 91' lang='lat' dir='ltr'><strong>posuit</strong></span> <span class='ocrx_word' id='word_1_153' title='bbox 523 2652 662 2724; x_wconf 87' lang='lat' dir='ltr'><strong>iacuitque</strong></span> <span class='ocrx_word' id='word_1_154' title='bbox 676 2669 725 2724; x_wconf 91' lang='lat' dir='ltr'><strong>per</strong></span> <span class='ocrx_word' id='word_1_155' title='bbox 738 2656 851 2710; x_wconf 89' lang='lat' dir='ltr'><strong>antrum</strong></span> 
     </span>
    </p>
   </div>
   <div class='ocr_carea' id='block_1_6' title="bbox 118 2748 866 2914">
    <p class='ocr_par' dir='ltr' id='par_1_18' title="bbox 118 2748 866 2914">
     <span class='ocr_line' id='line_1_25' title="bbox 118 2748 797 2807; baseline -0.001 0"><span class='ocrx_word' id='word_1_156' title='bbox 118 2751 264 2807; x_wconf 88' lang='lat' dir='ltr'><strong>Inmensus</strong></span> <span class='ocrx_word' id='word_1_157' title='bbox 278 2748 381 2804; x_wconf 88' lang='lat' dir='ltr'><strong>saniem</strong></span> <span class='ocrx_word' id='word_1_158' title='bbox 395 2753 523 2804; x_wconf 86' lang='lat' dir='ltr'><strong>eructans</strong></span> <span class='ocrx_word' id='word_1_159' title='bbox 538 2753 567 2805; x_wconf 92' lang='lat' dir='ltr'><strong>et</strong></span> <span class='ocrx_word' id='word_1_160' title='bbox 580 2749 669 2804; x_wconf 84' lang='lat' dir='ltr'><strong>frusta</strong></span> <span class='ocrx_word' id='word_1_161' title='bbox 684 2754 797 2806; x_wconf 87' lang='lat' dir='ltr'><strong>cruento</strong></span> 
     </span>
     <span class='ocr_line' id='line_1_26' title="bbox 118 2839 866 2914; baseline 0.001 -16"><span class='ocrx_word' id='word_1_162' title='bbox 118 2843 171 2898; x_wconf 90' lang='lat' dir='ltr'><strong>Per</strong></span> <span class='ocrx_word' id='word_1_163' title='bbox 185 2858 310 2898; x_wconf 90' lang='lat' dir='ltr'><strong>somnum</strong></span> <span class='ocrx_word' id='word_1_164' title='bbox 325 2839 473 2896; x_wconf 88' lang='lat' dir='ltr'><strong>commixta</strong></span> <span class='ocrx_word' id='word_1_165' title='bbox 486 2858 570 2911; x_wconf 87' lang='lat' dir='ltr'><strong>merc,</strong></span> <span class='ocrx_word' id='word_1_166' title='bbox 583 2858 633 2896; x_wconf 92' lang='lat' dir='ltr'><strong>nos</strong></span> <span class='ocrx_word' id='word_1_167' title='bbox 646 2858 747 2912; x_wconf 79' lang='lat' dir='ltr'><strong>magna</strong></span> <span class='ocrx_word' id='word_1_168' title='bbox 760 2841 866 2914; x_wconf 88' lang='lat' dir='ltr'><strong>precati</strong></span> 
     </span>
    </p>
   </div>
   <div class='ocr_carea' id='block_1_7' title="bbox 102 2935 818 3384">
    <p class='ocr_par' dir='ltr' id='par_1_19' title="bbox 118 2935 806 3106">
     <span class='ocr_line' id='line_1_27' title="bbox 118 2935 806 3009; baseline 0 -14"><span class='ocrx_word' id='word_1_169' title='bbox 118 2938 242 2995; x_wconf 90' lang='lat' dir='ltr'><strong>Numina</strong></span> <span class='ocrx_word' id='word_1_170' title='bbox 255 2935 399 3008; x_wconf 88' lang='lat' dir='ltr'><strong>sortitique</strong></span> <span class='ocrx_word' id='word_1_171' title='bbox 414 2936 486 2992; x_wconf 87' lang='lat' dir='ltr'><strong>vices</strong></span> <span class='ocrx_word' id='word_1_172' title='bbox 500 2954 556 2993; x_wconf 91' lang='lat' dir='ltr'><strong>una</strong></span> <span class='ocrx_word' id='word_1_173' title='bbox 568 2936 690 3009; x_wconf 91' lang='lat' dir='ltr'><strong>undique</strong></span> <span class='ocrx_word' id='word_1_174' title='bbox 705 2937 806 2995; x_wconf 89' lang='lat' dir='ltr'><strong>circum</strong></span> 
     </span>
     <span class='ocr_line' id='line_1_28' title="bbox 118 3032 780 3106; baseline 0 -15"><span class='ocrx_word' id='word_1_175' title='bbox 118 3035 279 3106; x_wconf 84' lang='lat' dir='ltr'><strong>Fundimur,</strong></span> <span class='ocrx_word' id='word_1_176' title='bbox 295 3039 323 3091; x_wconf 93' lang='lat' dir='ltr'><strong>et</strong></span> <span class='ocrx_word' id='word_1_177' title='bbox 336 3032 393 3089; x_wconf 88' lang='lat' dir='ltr'><strong>telo</strong></span> <span class='ocrx_word' id='word_1_178' title='bbox 406 3033 499 3088; x_wconf 91' lang='lat' dir='ltr'><strong>lumen</strong></span> <span class='ocrx_word' id='word_1_179' title='bbox 513 3033 684 3090; x_wconf 88' lang='lat' dir='ltr'><strong>terebramus</strong></span> <span class='ocrx_word' id='word_1_180' title='bbox 698 3040 780 3091; x_wconf 86' lang='lat' dir='ltr'><strong>acuto</strong></span> 
     </span>
    </p>

    <p class='ocr_par' dir='ltr' id='par_1_20' title="bbox 102 3128 818 3384">
     <span class='ocr_line' id='line_1_29' title="bbox 118 3128 811 3205; baseline 0 -16"><span class='ocrx_word' id='word_1_181' title='bbox 118 3132 227 3204; x_wconf 83' lang='lat' dir='ltr'><strong>Ingens,</strong></span> <span class='ocrx_word' id='word_1_182' title='bbox 243 3131 316 3204; x_wconf 92' lang='lat' dir='ltr'><strong>qnod</strong></span> <span class='ocrx_word' id='word_1_183' title='bbox 329 3135 409 3188; x_wconf 87' lang='lat' dir='ltr'><strong>torva</strong></span> <span class='ocrx_word' id='word_1_184' title='bbox 422 3128 511 3186; x_wconf 90' lang='lat' dir='ltr'><strong>solum</strong></span> <span class='ocrx_word' id='word_1_185' title='bbox 524 3129 577 3186; x_wconf 91' lang='lat' dir='ltr'><strong>sub</strong></span> <span class='ocrx_word' id='word_1_186' title='bbox 590 3129 682 3187; x_wconf 85' lang='lat' dir='ltr'><strong>fronte</strong></span> <span class='ocrx_word' id='word_1_187' title='bbox 694 3130 811 3205; x_wconf 84' lang='lat' dir='ltr'><strong>latebat,</strong></span> 
     </span>
     <span class='ocr_line' id='line_1_30' title="bbox 117 3226 818 3301; baseline 0 -15"><span class='ocrx_word' id='word_1_188' title='bbox 117 3229 240 3301; x_wconf 79' lang='lat' dir='ltr'><strong>Argolici</strong></span> <span class='ocrx_word' id='word_1_189' title='bbox 253 3228 333 3301; x_wconf 92' lang='lat' dir='ltr'><strong>clipei</strong></span> <span class='ocrx_word' id='word_1_190' title='bbox 348 3233 397 3284; x_wconf 89' lang='lat' dir='ltr'><strong>aut</strong></span> <span class='ocrx_word' id='word_1_191' title='bbox 413 3226 556 3284; x_wconf 90' lang='lat' dir='ltr'><strong>Phoebeae</strong></span> <span class='ocrx_word' id='word_1_192' title='bbox 570 3228 707 3300; x_wconf 87' lang='lat' dir='ltr'><strong>lampadis</strong></span> <span class='ocrx_word' id='word_1_193' title='bbox 721 3230 818 3301; x_wconf 87' lang='lat' dir='ltr'><strong>instar,</strong></span> 
     </span>
     <span class='ocr_line' id='line_1_31' title="bbox 102 3322 816 3384; baseline -0.003 -1"><span class='ocrx_word' id='word_1_194' title='bbox 102 3326 149 3383; x_wconf 78' lang='lat' dir='ltr'><strong>Et</strong></span> <span class='ocrx_word' id='word_1_195' title='bbox 162 3326 277 3384; x_wconf 84' lang='lat' dir='ltr'><strong>tandem</strong></span> <span class='ocrx_word' id='word_1_196' title='bbox 292 3325 361 3384; x_wconf 78' lang='lat' dir='ltr'><strong>laeti</strong></span> <span class='ocrx_word' id='word_1_197' title='bbox 375 3323 513 3383; x_wconf 91' lang='lat' dir='ltr'><strong>sociorum</strong></span> <span class='ocrx_word' id='word_1_198' title='bbox 526 3322 684 3383; x_wconf 89' lang='lat' dir='ltr'><strong>ulciscimur</strong></span> <span class='ocrx_word' id='word_1_199' title='bbox 696 3325 816 3382; x_wconf 86' lang='lat' dir='ltr'><strong>umbras.</strong></span> 
     </span>
    </p>
   </div>
   <div class='ocr_carea' id='block_1_8' title="bbox 974 3067 1013 3121">
    <p class='ocr_par' dir='ltr' id='par_1_21' title="bbox 974 3067 1013 3121">
     <span class='ocr_line' id='line_1_32' title="bbox 974 3067 1013 3121; baseline 0 0"><span class='ocrx_word' id='word_1_200' title='bbox 974 3067 1013 3121; x_wconf 72' lang='lat'><strong>⁶³⁵</strong></span> 
     </span>
    </p>
   </div>
   <div class='ocr_carea' id='block_1_9' title="bbox 0 0 1072 3660">
    <p class='ocr_par' dir='ltr' id='par_1_22' title="bbox 0 0 1072 3660">
     <span class='ocr_line' id='line_1_33' title="bbox 0 0 1072 3660; baseline 0 0"><span class='ocrx_word' id='word_1_201' title='bbox 0 0 1072 3660; x_wconf 95' lang='lat' dir='ltr'><strong> </strong></span> 
     </span>
    </p>
   </div>
  </div>
 </body>
</html>
