2136 3660
365 207 541 260 AENEIDOS
557 208 623 263 LIB.
644 208 694 262 111.

376 553 496 611 LIBER
517 552 694 613 TERTIUS.

86 706 151 756 1-18.
175 706 219 756 We
229 709 263 756 set
273 705 325 756 soil
332 708 403 768 srom
416 705 489 768 Troy,
504 705 648 768 amsocmd
659 706 782 756 AEaeade
792 707 822 756 io
836 707 937 758 Thrace.

84 820 253 885 Posrouam
266 839 309 878 res
323 820 407 878 Asiae
421 821 579 894 Priamique
592 825 714 880 evertere
727 826 838 894 gentem

83 916 248 974 Inmeritam
262 917 354 988 risum
369 917 481 990 Superis
494 917 647 989 ceciditque
661 918 810 990 superbum

83 1011 170 1070 ilium
183 1018 213 1070 et
226 1013 315 1070 omnis
328 1012 413 1070 humo
427 1013 519 1071 fumat
532 1012 677 1085 Neptunia
691 1013 780 1086 Troia,

83 1109 203 1167 Diversa
217 1110 300 1167 exilia
313 1115 342 1168 et
356 1109 478 1168 desertas
492 1127 621 1184 quaerere
635 1115 723 1168 terras

82 1206 217 1287 Auguriis
230 1206 339 1280 agimur
352 1207 454 1279 divom,
470 1207 639 1281 classemque
652 1207 705 1267 sub
718 1208 779 1280 ipsa
966 1227 978 1265 s

82 1303 230 1360 Antandro
244 1308 273 1360 et
288 1303 426 1378 Phrygiae
439 1304 569 1361 molimur
581 1305 724 1362 montibus
738 1304 814 1375 Idae,
829 1371 830 1375 ,

83 1399 189 1456 Incerti
202 1417 258 1473 quo
272 1399 332 1458 iata
345 1400 444 1472 ferant,
459 1400 509 1458 ubi
522 1400 620 1458 sistere
634 1401 722 1472 detur,

83 1493 334 1568 contrahimusque
347 1496 428 1555 viros
472 1496 530 1554 Vix
542 1498 632 1569 prima
645 1498 785 1571 inceperat
797 1501 896 1568 aestas,

83 1590 123 1648 Ee
135 1598 215 1664 pater
227 1593 364 1652 Anchises
378 1593 443 1650 dare
457 1593 525 1650 fatie
538 1593 601 1651 vela
615 1593 737 1666 iubebat,

82 1686 179 1743 Litora
192 1705 255 1744 cum
268 1689 375 1760 patriae
388 1689 534 1746 herimum
548 1694 699 1762 portusque
712 1689 837 1762 relinquo
953 1716 964 1744 ι

82 1782 122 1838 Et
135 1800 253 1855 campos,
269 1783 320 1841 ubi
333 1783 416 1840 Troia
429 1784 492 1841 fuit.
535 1784 620 1842 Feror
631 1784 712 1842 exsul
725 1785 755 1842 in
768 1785 858 1842 altum

82 1878 155 1936 Cum
169 1879 249 1936 sociis
262 1884 402 1953 gnatoque
417 1878 569 1937 Penatibus
583 1884 612 1938 et
625 1879 733 1953 maguis
746 1880 807 1941 Dia.

163 1974 248 2032 Terra
261 1975 357 2048 procul
370 1976 458 2032 vastis
472 1975 572 2033 colitur
586 1975 727 2033 Mavortia
740 1977 851 2054 campis,

81 2070 201 2129 Thraces
215 2076 304 2144 arant,
320 2072 377 2130 acri
390 2072 529 2147 quondam
542 2078 658 2146 regnata
671 2072 805 2147 Lycurgo,

81 2168 244 2241 Hospitium
258 2170 405 2243 antiquum
419 2170 516 2228 Troiae
529 2170 650 2244 sociique
664 2168 790 2242 Penates,
952 2197 976 2235 η

80 2263 159 2323 Dum
172 2266 285 2323 fortuna
297 2266 361 2323 fuit.
404 2266 488 2325 Feror
501 2266 564 2338 huc,
578 2270 609 2326 et
623 2266 704 2324 litore
719 2285 803 2326 curro

80 2362 194 2420 Moenia
207 2363 297 2435 prima
310 2363 370 2420 loco
383 2363 449 2420 fatis
463 2364 603 2436 ingressm
616 2363 727 2436 iniquis,

79 2457 279 2532 Aeneadasque
293 2477 354 2516 meo
368 2477 468 2517 nomen
481 2459 516 2517 de
529 2460 640 2517 nomine
652 2458 734 2532 fingo.

80 2635 163 2685 19-48.
181 2635 329 2697 Sacnflcioq
340 2639 363 2684 to
380 2636 468 2696 Veneta,
482 2636 504 2686 I
509 2636 608 2686 dabturh
619 2637 742 2701 thespira't
750 2639 783 2700 of
789 2637 932 2702 Polydorum.

163 2753 247 2811 Sacra
259 2754 400 2812 Dionaeae
414 2756 499 2813 matri
512 2755 638 2829 divisque
652 2755 773 2815 ferebam

78 2848 248 2921 Auspicibus
262 2857 419 2923 coeptorum
434 2869 555 2924 operum,
567 2870 720 2926 superoque
734 2855 869 2913 nitentem
951 2880 977 2909 ιο

80 2944 249 3002 Caelicolum
263 2947 322 3019 regi
335 2947 491 3005 mactabam
505 2948 535 3004 in
548 2948 630 3006 litore
640 2954 758 3009 taurum

80 3042 164 3099 Forte
178 3041 233 3099 fuit
246 3043 326 3099 iuxta
339 3044 472 3115 tumulus,
488 3062 543 3117 quo
557 3057 655 3103 cornea
667 3063 776 3103 summo

79 3140 212 3212 Virgulta
225 3145 254 3197 et
268 3138 360 3198 densis
374 3140 523 3199 hastilibus
536 3141 649 3199 horrida
662 3148 778 3215 myrtus.

79 3236 199 3306 Accessi,
216 3235 388 3308 viridemque
401 3238 437 3294 ab
450 3237 536 3294 humo
551 3239 701 3295 convellere
715 3237 814 3296 silvam

80 3333 212 3405 Coretus,
229 3332 313 3390 ramis
327 3337 447 3407 tegerem
460 3339 495 3392 ut
508 3334 707 3394 frondent'mus
719 3352 797 3404 mes,

966 3343 998 3379 '⁴5
