2136 3660
373 218 546 272 strambos
564 221 630 273 LIB.
651 218 684 273 11.

88 366 147 425 Nec
160 365 297 439 requievit
311 364 392 434 enim,
409 365 493 421 donec
508 363 659 422 Calchante
673 362 840 422 ministro-
940 391 977 420 ιω

85 462 140 521 Sed
154 463 221 535 quid
235 480 285 534 ego
298 461 365 518 haec
379 466 473 518 autem
487 461 654 533 nequiquam
668 462 778 534 ingrata
791 462 910 535 revolvo,

85 559 193 628 Quidve
207 576 304 630 moror,
321 559 345 614 si
360 558 448 615 omnis
463 576 519 615 nno
533 558 628 615 ordine
642 558 752 616 habetis
765 558 895 631 Achivos,

83 655 172 729 quue
186 656 281 712 audire
294 659 338 712 sat
353 658 395 712 est
407 657 416 710 l
457 654 626 712 Iamdndmn
639 656 741 712 sumite
754 672 873 728 poenas3

84 753 145 810 Hoc
160 752 274 808 Ithacus
287 751 356 809 velit
371 754 399 809 et
413 768 513 824 magno
527 756 682 809 mercentur
695 751 830 808 Atridas!

162 850 235 906 Tum
248 867 312 906 vero
326 848 454 906 ardemus
467 848 563 905 scitari
576 853 605 906 et
619 866 748 921 quaerere
762 866 849 920 casus,
939 875 976 914 ιο,

83 945 177 1018 Ignari
191 945 324 1002 scelerum
338 949 481 1002 tantorum
495 945 618 1017 artisque
632 940 770 1018 Pelasgae.

83 1043 263 1115 Prosequitur
276 1042 405 1114 pavitans
420 1046 450 1098 ct
463 1041 528 1098 ficto
541 1046 650 1114 pectore
667 1043 760 1101 fatur:

165 1138 268 1211 ‘Saepe
281 1139 376 1211 fugam
390 1138 482 1194 Danai
496 1139 578 1195 Troia
591 1140 699 1211 cupiere
712 1142 809 1200 relicta

82 1234 179 1292 Moliri
193 1239 221 1292 et
235 1235 316 1308 longo
330 1235 396 1291 fessi
410 1234 547 1292 discedere
561 1235 652 1309 bello;

82 1332 277 1404 Fecissentque
290 1332 417 1389 utinam!
437 1350 517 1405 saaps
530 1332 593 1389 illos
607 1351 703 1405 aspera
716 1337 795 1408 ponti

81 1429 242 1487 Interclusit
256 1428 370 1501 hiemps,
387 1433 416 1486 et
430 1429 529 1486 terruit
542 1428 647 1486 Auster
661 1431 752 1488 euntis
764 1452 773 1505 3

82 1526 238 1598 Praecipue,
255 1544 318 1583 cum
331 1527 387 1582 iam
401 1525 446 1582 hic
460 1526 585 1583 trabibus
600 1532 747 1585 contextus
761 1530 865 1587 acernis

82 1622 177 1682 Staret
191 1640 284 1696 equus,
301 1627 360 1679 toto
374 1628 525 1679 sonuerunt
539 1623 650 1681 aethere
664 1625 758 1682 nimbi.

82 1719 214 1792 Suspensi
227 1719 399 1790 Eurypylum
414 1720 560 1776 scitantem
575 1721 684 1776 oracula
698 1720 804 1778 Phoebi

81 1818 231 1888 Mittimus,
247 1817 325 1888 isque
339 1815 430 1888 adytis
444 1815 511 1872 haec
524 1815 618 1872 tristia
630 1816 706 1873 dicta
719 1823 858 1890 reportat:
936 1845 973 1883 115

84 1915 249 1987 “Sanguine
262 1913 392 1986 placastis
405 1917 503 1970 ventos
516 1917 545 1969 et
558 1913 665 1984 virgine
678 1931 763 1986 caesa,

82 2013 154 2070 Cum
168 2013 288 2085 primum
302 2011 409 2082 Iliacas,
426 2010 525 2082 Danai,
541 2010 659 2068 venistis
672 2012 708 2069 ad
722 2031 801 2087 cras3

81 2109 220 2181 Sanguine
234 2108 382 2180 quaerendi
395 2107 509 2178 reditus,
523 2108 668 2182 animaque
682 2109 821 2170 litandum

80 2205 233 2279 Argolica.'’
274 2205 357 2278 Volgi
371 2223 442 2278 quae
455 2223 510 2262 ror
523 2211 557 2263 ut
571 2207 649 2264 venit
662 2207 698 2264 ad
712 2210 795 2280 auris,

81 2302 246 2375 Obstipuere
260 2303 353 2372 animi,
369 2302 529 2375 gelidusque
542 2321 591 2375 per
604 2304 662 2360 ima
675 2308 795 2363 cucurrit

81 2398 152 2456 Ossa
165 2404 274 2469 tremor,
291 2398 335 2454 cui
349 2398 408 2454 fata
421 2405 526 2470 parent,
542 2417 626 2472 quem
639 2407 734 2473 poscat
747 2403 853 2476 Apollo.

82 2496 138 2552 Hic
152 2494 267 2551 Ithacus
280 2499 374 2552 vatem
387 2512 488 2567 magno
502 2495 657 2553 Calchanta
669 2499 794 2556 tumultu

82 2590 225 2648 Protrahit
238 2591 268 2646 in
281 2591 404 2663 medios3
424 2608 495 2662 quae
509 2592 566 2648 sint
581 2610 614 2649 ea
628 2594 743 2651 numina
757 2594 857 2667 divom,

82 2687 213 2759 Flagitat.
254 2687 293 2742 Et
306 2687 376 2742 mihi
389 2687 445 2743 iam
459 2687 542 2744 multi
557 2688 666 2746 crudele
680 2692 815 2750 canebant

82 2782 205 2840 Artificis
219 2781 306 2838 scelus
321 2787 349 2839 et
363 2783 443 2839 taciti
456 2789 575 2840 ventura
587 2784 726 2845 videbant
937 2815 974 2854 ιο,

82 2880 132 2938 Bis
146 2879 244 2951 quinos
258 2879 321 2936 silet
335 2880 382 2936 ille
396 2879 454 2937 dies
468 2885 613 2954 tectusque
627 2889 735 2942 recusat

84 2975 202 3033 Prodere
215 2993 281 3032 voce
295 2993 345 3032 sua
359 2994 525 3049 quemquam
539 2983 589 3034 aut
603 2996 737 3052 opponere
751 2983 842 3040 morti.

84 3072 142 3128 Vix
155 3070 276 3142 tandem,
292 3072 399 3144 magnis
414 3072 506 3130 Ithaci
520 3074 684 3132 clamoribus
698 3082 784 3150 actus,

85 3168 244 3239 Composito
258 3168 364 3240 rumpit
378 3186 483 3241 vocem,
500 3174 587 3228 etms
601 3171 723 3228 destinat
737 3191 806 3231 aras.

83 3263 238 3321 Adsensere
253 3281 354 3336 omnes,
370 3270 400 3322 et
414 3284 483 3338 quae
497 3267 550 3324 sibi
565 3268 680 3340 quisque
694 3269 812 3328 timebat
939 3298 976 3336 ῳ

86 3360 178 3418 Unius
192 3361 222 3416 in
236 3360 330 3418 miseri
344 3362 461 3420 exitium
475 3381 606 3422 conversa
619 3364 713 3422 tulere.
