2136 3660
375 218 549 270 aurrmDos
566 218 633 270 LIB.
653 219 687 271 11.
949 219 978 270 11

87 361 267 436 squalentem
279 360 394 419 barbam
407 364 437 418 ct
450 363 590 418 concretos
603 359 736 432 sanguine
749 358 832 417 crinis

85 459 260 531 Vulneraque
273 457 323 514 illa
335 475 438 530 gerens,
454 474 525 530 quae
538 456 642 514 circum
655 456 775 529 plurima
787 473 881 514 muros

86 554 202 629 Accepit
214 555 337 628 patrios!
379 553 463 612 Ultro
476 554 545 612 flens
558 554 617 626 ipse
631 553 746 611 videbar

86 652 257 726 Compellare
270 651 361 709 vinrm
375 656 404 710 et
417 656 536 709 maestas
549 669 707 724 expromere
720 670 800 709 voces
811 671 818 711 ε
940 664 979 706 sao

88 750 128 808 ‘O
142 750 192 807 lux
204 749 370 821 Dardaniae,
386 767 447 822 spes
461 767 478 806 o
490 749 626 807 fidissima
639 749 784 820 Teucrum,

82 845 162 916 Quae
175 852 271 904 tantae
284 850 397 903 tenuere
410 846 520 904 morast
540 846 641 919 quibus
655 846 761 903 Hector
774 844 810 903 ab
823 844 879 904 oris

85 944 252 1018 Exspectate
265 943 362 1002 renisi
381 948 415 1000 ut
428 947 457 1000 te
470 948 534 1016 post
546 943 638 1000 multa
651 948 763 999 tuorum

86 1041 201 1114 Funera,
217 1045 281 1114 post
294 1040 385 1097 varios
397 1039 596 1113 hominumque
609 1040 739 1112 urbisque
753 1039 859 1098 labores

84 1138 193 1201 Defessi
206 1138 371 1212 aspicimus!
391 1154 461 1210 quac
474 1154 557 1194 causa
569 1137 684 1210 indigna
697 1154 806 1194 serenos
940 1151 978 1202 aas

84 1235 219 1292 Fcedsvit
232 1234 333 1305 voltus,
349 1237 399 1290 aut
413 1250 462 1290 cur
474 1232 542 1291 haec
555 1233 669 1291 volnera
683 1251 764 1290 cerno
775 1233 797 1289 t'

84 1331 137 1390 Ille
150 1331 228 1403 nihii,
244 1348 295 1388 neo
307 1348 353 1387 mc
366 1335 543 1403 quaerentem
556 1344 630 1388 vana
643 1335 775 1403 moratur,

84 1429 140 1488 Sed
152 1429 274 1502 graviter
286 1427 406 1501 gemitus
419 1427 476 1484 imo
489 1427 524 1485 de
537 1432 647 1501 pectore
661 1428 763 1485 ducens

86 1526 168 1584 ‘Heu
180 1525 252 1598 fuge,
268 1529 334 1582 nate
347 1524 406 1596 dea,
421 1528 504 1597 teque
517 1523 577 1581 his'
591 1525 632 1581 ait
648 1525 737 1597 ‘eripe
751 1523 888 1586 flammis:

84 1622 183 1680 Hostis
195 1621 281 1679 habet
293 1639 405 1693 murcs;
424 1621 482 1677 ruit
495 1620 552 1678 alto
566 1638 584 1677 a
596 1621 715 1678 culmine
729 1621 829 1680 Troia:
938 1647 977 1686 «φ

84 1720 135 1779 Sat
147 1719 254 1794 patriae
268 1718 432 1791 Priamoque
446 1717 563 1775 datum:
584 1717 608 1774 si
622 1717 758 1789 Pergama
771 1717 869 1774 dextra

82 1812 200 1870 Defendi
213 1816 332 1884 possent,
348 1810 434 1867 etiam
447 1808 499 1866 hac
512 1808 626 1866 defensa
637 1808 762 1866 fuissent

83 1909 168 1969 Sacra
180 1925 298 1982 suosque
311 1907 365 1965 tibi
378 1906 553 1965 commendet
567 1905 649 1962 Troia
662 1905 795 1980 Penatis3

83 2007 144 2064 Hos
158 2023 223 2078 cape
237 2005 358 2062 fatorum
371 2003 493 2074 comites,
509 2002 554 2060 his
567 2002 676 2060 moenia
688 2020 796 2076 quaere,

81 2105 186 2178 Magna
198 2106 337 2175 pererrato
349 2105 456 2158 statues
469 2119 539 2174 quse
552 2100 670 2174 denique
683 2101 787 2175 ponto.'
938 2127 975 2168 295

82 2202 128 2261 Sic
141 2202 190 2273 ait,
206 2204 236 2258 et
248 2198 376 2257 manibus
389 2199 477 2255 vittas
491 2197 660 2272 Vestamque
673 2203 815 2271 potentem

81 2299 288 2370 Aeternumque
300 2296 393 2368 adytis
406 2297 485 2354 effert
498 2296 685 2370 penetralibus
699 2297 798 2370 ignem

64 2449 65 2452 ’
81 2466 196 2517 coa-eoa.
215 2464 291 2514 ram
306 2461 410 2512 amaea
426 2463 483 2525 oya
499 2463 601 2524 romeu,
614 2463 668 2512 asu
682 2463 757 2513 aromo
768 2467 791 2514 a
807 2464 847 2514 ru
860 2468 900 2529 op
916 2466 947 2527 of
957 2481 975 2516 a

144 2551 218 2596 torccr
228 2549 252 2595 to
261 2559 298 2594 ccc
308 2543 376 2593 what
386 2545 411 2594 tc
420 2544 569 2607 bappscicp.

159 2673 278 2732 Diverso
291 2673 396 2730 interea
409 2672 559 2729 miscentur
572 2671 681 2730 moenia
693 2672 780 2746 luctu,

80 2773 119 2830 Et
131 2771 221 2845 magis
234 2776 318 2844 atque
332 2771 427 2843 magis,
444 2787 613 2842 quamquam
624 2776 731 2828 secreta
743 2771 866 2844 parentis

79 2869 217 2928 Anchises
231 2866 329 2926 domus
342 2867 539 2939 arboribusque
553 2866 664 2924 obtecta
677 2869 797 2941 recessit,
935 2895 974 2936 300

80 2967 242 3026 Oiarescrmt
255 2965 362 3022 sonitus
375 2981 568 3037 armorumque
581 2964 687 3037 ingruit
699 2963 802 3024 horror.

80 3063 212 3122 Excutior
225 3080 329 3132 somno,
343 3066 372 3119 et
385 3061 487 3119 summi
500 3061 613 3133 fastigia
625 3061 694 3118 tecti

79 3161 203 3219 Ascensu
216 3177 322 3232 supero,
338 3163 421 3231 atque
435 3159 548 3216 arrectis
561 3158 674 3215 auribus
687 3163 768 3217 estc:

80 3257 115 3315 In
127 3262 249 3331 segetem
262 3256 351 3314 veluti
365 3273 428 3313 cum
440 3256 553 3313 flamma
565 3255 723 3314 furentibus
736 3255 839 3314 austris

80 3353 192 3426 Incidit,
207 3358 257 3410 aut
270 3352 382 3427 rapidus
394 3357 526 3411 montano
539 3352 652 3409 flumine
666 3356 772 3410 torrens
934 3377 971 3418 sos
