2136 3660
344 216 520 270 AENEIDOS
536 218 602 270 LIB.
623 219 673 270 111.
925 223 957 272 48

66 361 181 432 Lyctius
195 361 377 432 Idomeneus3
397 358 443 416 hic
456 359 506 416 illa
518 359 596 417 ducis
610 360 742 419 Meliboei

67 459 158 517 Parva
172 458 345 516 Philoctetae
358 456 477 514 subnixa
491 456 599 514 Petelia
611 476 698 517 muro.

66 555 140 626 Quin
154 556 203 613 ubi
216 554 393 613 transmissae
406 554 536 612 steterint
550 560 628 612 trans
641 573 759 628 aequora
773 554 881 630 classes,

65 651 104 709 Et
117 652 214 725 positis
227 651 282 709 aris
296 651 351 708 iam
365 656 431 708 vota
445 650 474 706 in
488 650 569 708 litore
583 651 681 722 solves,

65 751 206 823 Purpureo
219 749 311 807 velare
324 765 415 806 comas
429 740 577 821 adopertus
590 749 702 821 amictu,
921 777 958 815 40⁵

65 846 167 919 Neque
180 847 254 904 inter
267 849 378 903 sanctos
392 845 464 917 ignis
478 844 508 901 in
521 844 623 902 honore
637 845 751 904 deorum

39 927 42 933 ”
64 944 185 1001 Hostilia
199 943 282 1000 facies
296 946 422 999 occurrat
436 946 465 999 et
479 941 572 998 omina
586 943 688 1002 turbet.

64 1041 148 1098 Hunc
162 1039 229 1097 socii
242 1057 345 1096 morem
359 1056 504 1109 sacrorum,
520 1037 595 1096 hunc
608 1039 668 1112 ipse
681 1045 794 1116 teneto;

65 1138 129 1195 Hac
144 1137 213 1194 casti
227 1140 358 1193 maneant
371 1135 402 1193 in
415 1135 547 1207 religione
561 1142 682 1208 nepotes

62 1236 117 1292 Ast
131 1234 180 1291 ubi
193 1234 346 1306 digressum
361 1231 469 1291 Siculae
483 1238 513 1290 te
526 1233 681 1292 admoverit
694 1253 758 1294 orae

61 1332 172 1389 Ventus
185 1335 214 1387 et
228 1329 339 1402 angusti
352 1334 489 1387 rarescent
502 1329 624 1388 claustra
637 1331 737 1404 Pelori,

61 1428 156 1485 Laeva
169 1426 223 1483 tibi
237 1425 321 1484 tellus
335 1431 364 1484 et
377 1426 459 1498 longo
473 1426 553 1484 laeva
565 1431 699 1500 petantur

61 1524 190 1596 Aequora
204 1522 329 1593 circuitu,
346 1522 475 1579 dextrum
488 1522 552 1596 fuge
567 1523 635 1580 litus
649 1528 678 1581 et
691 1520 787 1584 undas.

61 1622 140 1678 Haec
154 1621 214 1678 loca
227 1619 256 1676 vi
270 1619 409 1693 quondam
422 1625 451 1677 et
464 1626 545 1677 vasta
558 1620 687 1677 convolsa
699 1621 789 1693 ruina,

61 1719 183 1775 Tantum
197 1716 258 1774 aevi
271 1716 423 1789 longinqua
435 1715 511 1773 valet
525 1721 634 1774 mutare
646 1721 780 1789 vetustas,

60 1814 224 1872 Dissiluieee
237 1813 339 1871 ferunt.
382 1811 454 1870 (lum
467 1812 594 1884 protinus
608 1817 725 1885 utraque
739 1814 823 1873 tellus

61 1912 128 1969 Una
141 1911 220 1982 foret,
236 1910 314 1968 venit
327 1909 419 1967 medio
431 1910 461 1966 vi
474 1915 576 1982 pentus
590 1914 619 1967 ct
632 1909 715 1968 undis

61 2009 228 2081 Hesperium
242 2007 335 2065 Siculo
348 2006 423 2064 latus
436 2006 564 2079 abscidit,
579 2021 699 2080 arvaque
712 2013 742 2066 et
754 2008 836 2066 urbes

60 2106 155 2163 Litore
169 2105 296 2163 diductas
310 2109 429 2177 angusto
440 2105 567 2163 interluit
580 2111 665 2165 aestu

60 2202 199 2260 Dextrum
213 2201 307 2272 Scylla
319 2201 401 2273 latus,
417 2201 527 2259 laevum
540 2202 679 2276 inplacata
692 2201 846 2278 Charybdis
929 2233 955 2262 ιο

60 2299 188 2368 Obsidet,
202 2303 288 2371 atque
301 2298 357 2355 imo
370 2298 496 2356 barathri
509 2305 552 2358 ter
565 2301 674 2373 gurgite
687 2307 781 2359 vastos

59 2396 160 2454 Sorbet
173 2396 203 2452 in
216 2395 366 2468 abruptum
379 2395 481 2453 fluctus
494 2415 641 2470 rursumque
654 2398 707 2456 sub
720 2416 801 2458 amas

59 2492 153 2565 Erigit
166 2491 287 2550 alternos
301 2497 330 2549 et
344 2485 435 2549 sidera
447 2493 575 2550 verberat
588 2495 671 2553 unda

59 2590 100 2646 At
115 2588 237 2659 Scyllam
251 2588 336 2646 caecis
351 2588 461 2647 cohibet
475 2589 605 2662 spelunca
617 2587 733 2651 latebris

58 2681 116 2739 Ora
129 2685 300 2742 exertautem
313 2685 344 2738 et
356 2681 436 2738 narb
449 2676 479 2738 in
492 2699 560 2739 saxa
572 2683 736 2744 trahentem.

58 2777 154 2834 Prima
166 2776 286 2835 hominis
299 2777 383 2834 facies
396 2782 426 2834 et
438 2770 556 2851 pulchro,
565 2785 674 2852 pectore
687 2782 765 2856 virgo

58 2873 137 2932 Pube
151 2878 241 2947 tenus,
256 2879 395 2947 postrema
408 2874 523 2932 immani
537 2894 646 2950 corpore
659 2878 759 2951 pistrix

56 2971 227 3044 Delphinum
242 2971 343 3028 caudas
358 2977 436 3030 utero
450 2973 595 3032 commissa
608 2975 743 3048 luporum.

56 3069 186 3126 Praestat
200 3067 333 3125 Trinacrii
347 3073 436 3126 metas
449 3069 567 3129 lustrare
581 3071 705 3144 Pachyni

55 3165 218 3223 (lassantem
231 3164 327 3237 longos
341 3169 370 3222 et
384 3166 595 3226 circumflectere
609 3187 712 3240 cursus,

54 3261 147 3332 Quam
161 3259 246 3318 semel
259 3261 404 3319 informem
418 3268 498 3321 vasto
511 3264 614 3322 vidisse
626 3266 679 3322 sub
692 3271 772 3325 antro

54 3357 178 3431 Scyllam
192 3362 222 3415 et
235 3357 366 3416 caemleis
380 3359 495 3420 canibus
508 3363 674 3422 resonantia
684 3381 767 3422 saxa
