2136 3660
361 199 537 251 nunninus
555 199 621 252 LIB.
642 199 692 252 111.
944 206 975 253 89

81 341 229 415 Argolicas-
238 340 396 414 medicsque
409 341 504 414 fugam
517 341 638 399 tenuisse
652 360 700 415 per
712 341 809 402 hostis.

83 439 194 496 Interea
208 457 340 512 magnum
354 438 395 496 sol
409 438 635 496 circumvolvitur
648 457 760 511 annum,

82 537 122 593 Et
135 537 257 609 glacialis
271 535 378 608 hiemps
392 535 568 608 aquilonibus
582 541 691 609 asperat
704 537 810 610 undas3
937 551 973 600 aas

81 634 154 691 Aere
168 652 235 691 cavo
249 633 375 706 clipeum,
391 633 484 705 magni
498 637 639 705 gestamen
652 633 780 706 Abantis,

82 731 214 787 Postibus
228 729 350 787 adversis
363 729 418 802 figo
432 734 461 786 et
474 747 533 787 rem
547 730 667 788 carmine
680 731 776 803 signo:

81 844 202 886 arunas
217 843 298 885 nano
312 843 352 884 nn
366 843 481 884 nauus
495 843 676 886 vroronrnus
690 843 787 885 nnn.

82 925 220 997 Linquere
235 931 296 982 tum
310 929 406 997 portus
419 924 500 981 iubeo
514 929 543 981 et
556 925 695 982 considere
708 925 844 983 transtris.

83 1017 219 1074 Certatim
233 1017 299 1074 socii
313 1017 416 1074 feriunt
430 1034 505 1074 mare
519 1021 548 1073 et
561 1034 680 1089 aequora
692 1022 812 1076 verrunt
938 1044 976 1082 290

82 1114 213 1171 Protinus
227 1114 314 1170 adrias
329 1113 485 1170 Phaeacum
499 1113 692 1172 abscondimus
707 1132 790 1187 arces,

82 1211 231 1282 Litoraque
245 1210 324 1283 Epiri
337 1210 454 1282 legimus
468 1214 604 1283 portuque
617 1211 743 1270 subimus

83 1307 207 1365 Chaonio
221 1312 249 1364 et
263 1307 363 1364 celsam
377 1307 510 1364 Buthroti
522 1308 676 1366 accedimus
689 1309 793 1367 urbem

84 1478 197 1526 aar-343.
217 1477 283 1525 Herc
294 1490 329 1524 wc
340 1479 400 1525 necet
410 1476 583 1535 Andromacha
594 1479 647 1525 acad
657 1477 718 1526 beor
729 1477 774 1526 ber
783 1482 857 1541 away.
903 1450 905 1461 Ι

164 1593 219 1650 Hic
233 1593 400 1650 incredibilis
413 1611 505 1650 rerum
519 1593 593 1650 fama
607 1600 721 1667 occupat
735 1594 809 1653 auris

84 1690 242 1746 Priamiden
256 1690 395 1746 Helenum
409 1689 507 1747 Graias
520 1708 632 1763 regnare
645 1709 694 1763 per
707 1692 796 1763 urbes,
938 1719 975 1758 29⁵

84 1786 218 1859 Coniugio
231 1786 367 1843 Aeacidae
381 1785 481 1856 Pyrrhi
495 1787 663 1858 sceptrisque
676 1788 805 1859 potitum,

84 1885 123 1941 Et
136 1884 226 1956 patrio
239 1881 450 1939 Andromachen
463 1881 565 1938 iterum
578 1882 689 1940 cessisse
703 1884 809 1942 marito.

84 1981 221 2054 Obstipui,
237 1981 360 2052 miroque
373 1979 515 2036 incensum
528 1983 624 2052 pectus
638 1961 730 2038 amore

82 2077 253 2150 Compellare
266 2077 358 2134 virum
371 2080 400 2134 et
414 2094 492 2133 casus
506 2094 665 2149 cognoscere
678 2082 780 2136 tantos.

82 2174 244 2246 Progredior
258 2173 453 2246 portuclasses
467 2177 496 2230 et
510 2173 594 2230 litora
606 2173 742 2248 linquens,
936 2203 974 2242 φο

83 2271 228 2329 Sollemnis
243 2289 305 2327 cum
319 2271 390 2328 forte
405 2272 488 2343 dapes
502 2276 531 2328 et
545 2272 638 2328 tristia
651 2272 723 2330 dona

82 2369 158 2425 Ante
172 2368 268 2424 urbem
281 2368 311 2423 in
326 2367 388 2424 luco
398 2367 465 2424 'falsi
480 2367 628 2426 Simoentis
642 2369 678 2426 nd
691 2370 795 2428 undam

82 2464 203 2522 Libebat
216 2464 300 2521 cineri
313 2463 504 2521 Andromache
518 2465 662 2537 manisque
676 2467 794 2524 vocabat

83 2562 251 2619 Hectoreum
265 2560 301 2618 ad
314 2560 460 2631 tumidum,
476 2561 560 2617 viridi
574 2579 655 2633 quem
669 2562 787 2635 caespite
800 2564 910 2622 inanem

82 2659 122 2716 Et
135 2659 264 2732 geminas,
281 2676 390 2714 causam
404 2657 533 2730 lacrimis,
549 2663 703 2716 sacraverat
716 2677 784 2720 aras
936 2688 972 2728 με

82 2755 126 2812 Ut
140 2774 183 2812 mc
197 2754 338 2828 conspexit
351 2754 507 2812 venientem
521 2759 550 2812 et
564 2754 646 2812 Troia
659 2756 761 2814 circum

81 2853 169 2908 Arma
182 2869 275 2908 amens
290 2851 369 2923 vidit,
385 2851 492 2925 magnis
507 2852 640 2910 exterrita
653 2855 783 2912 monstris

81 2948 212 3021 Deriguit
225 2948 288 3005 risu
300 2948 330 3005 in
344 2948 442 3019 medio,
459 2948 534 3006 calor
548 2967 610 3007 ossa
622 2950 754 3023 reliquit3

80 3046 206 3118 Labitur,
223 3051 251 3103 et
265 3046 345 3118 longo
359 3047 407 3104 vix
420 3047 533 3103 tandem
547 3052 668 3120 tempore
681 3047 774 3106 satin:

82 3143 208 3201 ‘Verane
222 3147 250 3200 te
264 3142 354 3214 facies,
369 3161 450 3200 verus
464 3143 534 3200 mihi
547 3145 661 3201 nuntius
675 3143 773 3217 adfera
935 3175 973 3212 310

80 3241 111 3299 N
111 3245 157 3298 ate
171 3240 240 3297 deal
260 3239 385 3298 virisnel
405 3246 461 3312 aut,
478 3241 502 3298 si
514 3240 564 3297 lux
576 3241 650 3298 alma
662 3242 781 3314 recessit,

82 3337 188 3395 Hector
201 3337 251 3394 ubi
265 3337 341 3396 esti'
356 3335 436 3411 dixit,
452 3337 637 3414 lacrimasque
651 3339 754 3397 eiludrt
765 3344 799 3397 et
811 3356 931 3395 ornnem
