<?xml version="1.0" encoding="UTF-8"?>
<!DOCTYPE html PUBLIC "-//W3C//DTD XHTML 1.0 Transitional//EN"
    "http://www.w3.org/TR/xhtml1/DTD/xhtml1-transitional.dtd">
<html xmlns="http://www.w3.org/1999/xhtml" xml:lang="en" lang="en">
 <head>
  <title>
</title>
<meta http-equiv="Content-Type" content="text/html;charset=utf-8" />
  <meta name='ocr-system' content='tesseract 3.04.00' />
  <meta name='ocr-capabilities' content='ocr_page ocr_carea ocr_par ocr_line ocrx_word'/>
</head>
<body>
  <div class='ocr_page' id='page_1' title='image "./pvergilimaronis09virggoog/pvergilimaronis09virggoog_0065.png"; bbox 0 0 2136 3660; ppageno 0'>
   <div class='ocr_carea' id='block_1_1' title="bbox 100 215 723 271">
    <p class='ocr_par' dir='ltr' id='par_1_1' title="bbox 100 215 723 271">
     <span class='ocr_line' id='line_1_1' title="bbox 100 215 723 271; baseline 0 -2"><span class='ocrx_word' id='word_1_1' title='bbox 100 220 132 271; x_wconf 78' lang='lat'><strong>42</strong></span> <span class='ocrx_word' id='word_1_2' title='bbox 357 215 386 269; x_wconf 90' lang='lat' dir='ltr'><strong>P.</strong></span> <span class='ocrx_word' id='word_1_3' title='bbox 405 216 548 268; x_wconf 72' lang='lat' dir='ltr'><strong>vultum</strong></span> <span class='ocrx_word' id='word_1_4' title='bbox 565 217 723 270; x_wconf 80' lang='lat' dir='ltr'><strong>MARONIS</strong></span> 
     </span>
    </p>
   </div>
   <div class='ocr_carea' id='block_1_2' title="bbox 97 359 846 549">
    <p class='ocr_par' dir='ltr' id='par_1_2' title="bbox 97 359 846 549">
     <span class='ocr_line' id='line_1_2' title="bbox 98 359 763 433; baseline 0 -17"><span class='ocrx_word' id='word_1_5' title='bbox 98 359 162 433; x_wconf 90' lang='lat' dir='ltr'><strong>Ipse</strong></span> <span class='ocrx_word' id='word_1_6' title='bbox 176 378 260 418; x_wconf 91' lang='lat' dir='ltr'><strong>manu</strong></span> <span class='ocrx_word' id='word_1_7' title='bbox 273 360 362 417; x_wconf 86' lang='lat' dir='ltr'><strong>multo</strong></span> <span class='ocrx_word' id='word_1_8' title='bbox 376 378 538 433; x_wconf 90' lang='lat' dir='ltr'><strong>suspensum</strong></span> <span class='ocrx_word' id='word_1_9' title='bbox 552 359 664 417; x_wconf 90' lang='lat' dir='ltr'><strong>numine</strong></span> <span class='ocrx_word' id='word_1_10' title='bbox 678 359 763 430; x_wconf 85' lang='lat' dir='ltr'><strong>ducit,</strong></span> 
     </span>
     <span class='ocr_line' id='line_1_3' title="bbox 97 455 846 549; baseline -0.001 -34"><span class='ocrx_word' id='word_1_11' title='bbox 97 458 191 531; x_wconf 88' lang='lat' dir='ltr'><strong>Atque</strong></span> <span class='ocrx_word' id='word_1_12' title='bbox 204 458 270 516; x_wconf 86' lang='lat' dir='ltr'><strong>haec</strong></span> <span class='ocrx_word' id='word_1_13' title='bbox 285 457 383 516; x_wconf 85' lang='lat' dir='ltr'><strong>deinde</strong></span> <span class='ocrx_word' id='word_1_14' title='bbox 397 458 471 515; x_wconf 90' lang='lat' dir='ltr'><strong>canit</strong></span> <span class='ocrx_word' id='word_1_15' title='bbox 486 457 581 515; x_wconf 86' lang='lat' dir='ltr'><strong>divino</strong></span> <span class='ocrx_word' id='word_1_16' title='bbox 595 475 629 515; x_wconf 89' lang='lat' dir='ltr'><strong>ex</strong></span> <span class='ocrx_word' id='word_1_17' title='bbox 643 475 688 516; x_wconf 90' lang='lat' dir='ltr'><strong>ore</strong></span> <span class='ocrx_word' id='word_1_18' title='bbox 700 455 825 549; x_wconf 14' lang='lat' dir='ltr'><strong>“sacerdos</strong></span> <span class='ocrx_word' id='word_1_19' title='bbox 839 474 846 514; x_wconf 93' lang='lat'><strong>:</strong></span> 
     </span>
    </p>
   </div>
   <div class='ocr_carea' id='block_1_3' title="bbox 97 682 515 770">
    <p class='ocr_par' dir='ltr' id='par_1_3' title="bbox 97 682 515 770">
     <span class='ocr_line' id='line_1_4' title="bbox 97 682 515 770; baseline -0.002 -12"><span class='ocrx_word' id='word_1_20' title='bbox 97 704 211 758; x_wconf 75' lang='lat' dir='ltr'><strong>ets-sen</strong></span> <span class='ocrx_word' id='word_1_21' title='bbox 228 682 414 770; x_wconf 62' lang='lat' dir='ltr'><strong>sumente</strong></span> <span class='ocrx_word' id='word_1_22' title='bbox 424 707 515 757; x_wconf 64' lang='lat' dir='ltr'><strong>aerea</strong></span> 
     </span>
    </p>
   </div>
   <div class='ocr_carea' id='block_1_4' title="bbox 74 847 943 3446">
    <p class='ocr_par' dir='ltr' id='par_1_4' title="bbox 95 847 854 1120">
     <span class='ocr_line' id='line_1_5' title="bbox 179 847 854 924; baseline -0.004 -15"><span class='ocrx_word' id='word_1_23' title='bbox 179 851 224 908; x_wconf 87' lang='lat' dir='ltr'><strong>‘N</strong></span> <span class='ocrx_word' id='word_1_24' title='bbox 225 854 271 908; x_wconf 87' lang='lat' dir='ltr'><strong>ate</strong></span> <span class='ocrx_word' id='word_1_25' title='bbox 284 850 337 908; x_wconf 86' lang='lat' dir='ltr'><strong>dea</strong></span> <span class='ocrx_word' id='word_1_26' title='bbox 352 848 428 924; x_wconf 81' lang='lat' dir='ltr'><strong>(nam</strong></span> <span class='ocrx_word' id='word_1_27' title='bbox 442 853 472 906; x_wconf 87' lang='lat' dir='ltr'><strong>te</strong></span> <span class='ocrx_word' id='word_1_28' title='bbox 484 847 635 906; x_wconf 88' lang='lat' dir='ltr'><strong>maioribus</strong></span> <span class='ocrx_word' id='word_1_29' title='bbox 648 847 689 906; x_wconf 91' lang='lat' dir='ltr'><strong>ire</strong></span> <span class='ocrx_word' id='word_1_30' title='bbox 703 865 752 921; x_wconf 90' lang='lat' dir='ltr'><strong>per</strong></span> <span class='ocrx_word' id='word_1_31' title='bbox 765 847 854 906; x_wconf 85' lang='lat' dir='ltr'><strong>altum</strong></span> 
     </span>
     <span class='ocr_line' id='line_1_6' title="bbox 95 945 786 1022; baseline -0.006 -16"><span class='ocrx_word' id='word_1_32' title='bbox 95 948 235 1022; x_wconf 77' lang='lat' dir='ltr'><strong>Auspiciis</strong></span> <span class='ocrx_word' id='word_1_33' title='bbox 248 947 396 1005; x_wconf 84' lang='lat' dir='ltr'><strong>manifesta</strong></span> <span class='ocrx_word' id='word_1_34' title='bbox 408 945 496 1004; x_wconf 85' lang='lat' dir='ltr'><strong>fides:</strong></span> <span class='ocrx_word' id='word_1_35' title='bbox 516 945 556 1002; x_wconf 89' lang='lat' dir='ltr'><strong>sic</strong></span> <span class='ocrx_word' id='word_1_36' title='bbox 569 945 628 1002; x_wconf 87' lang='lat' dir='ltr'><strong>fata</strong></span> <span class='ocrx_word' id='word_1_37' title='bbox 641 945 724 1003; x_wconf 84' lang='lat' dir='ltr'><strong>deum</strong></span> <span class='ocrx_word' id='word_1_38' title='bbox 736 963 786 1003; x_wconf 85' lang='lat' dir='ltr'><strong>rex</strong></span> 
     </span>
     <span class='ocr_line' id='line_1_7' title="bbox 97 1040 746 1120; baseline -0.005 -17"><span class='ocrx_word' id='word_1_39' title='bbox 97 1045 220 1103; x_wconf 83' lang='lat' dir='ltr'><strong>Sortitur</strong></span> <span class='ocrx_word' id='word_1_40' title='bbox 233 1045 376 1117; x_wconf 85' lang='lat' dir='ltr'><strong>volvitque</strong></span> <span class='ocrx_word' id='word_1_41' title='bbox 389 1043 471 1115; x_wconf 71' lang='lat' dir='ltr'><strong>vices</strong></span> <span class='ocrx_word' id='word_1_42' title='bbox 486 1043 512 1101; x_wconf 85' lang='lat' dir='ltr'><strong>is</strong></span> <span class='ocrx_word' id='word_1_43' title='bbox 525 1042 645 1100; x_wconf 83' lang='lat' dir='ltr'><strong>vortitur</strong></span> <span class='ocrx_word' id='word_1_44' title='bbox 658 1040 746 1120; x_wconf 86' lang='lat' dir='ltr'><strong>ordo),</strong></span> 
     </span>
    </p>

    <p class='ocr_par' dir='ltr' id='par_1_5' title="bbox 94 1139 943 3345">
     <span class='ocr_line' id='line_1_8' title="bbox 98 1139 815 1213; baseline -0.003 -13"><span class='ocrx_word' id='word_1_45' title='bbox 98 1143 191 1200; x_wconf 89' lang='lat' dir='ltr'><strong>Pauca</strong></span> <span class='ocrx_word' id='word_1_46' title='bbox 204 1143 257 1200; x_wconf 91' lang='lat' dir='ltr'><strong>tibi</strong></span> <span class='ocrx_word' id='word_1_47' title='bbox 271 1160 286 1200; x_wconf 89' lang='lat' dir='ltr'><strong>e</strong></span> <span class='ocrx_word' id='word_1_48' title='bbox 299 1141 406 1212; x_wconf 88' lang='lat' dir='ltr'><strong>multis,</strong></span> <span class='ocrx_word' id='word_1_49' title='bbox 420 1158 475 1213; x_wconf 91' lang='lat' dir='ltr'><strong>quo</strong></span> <span class='ocrx_word' id='word_1_50' title='bbox 489 1140 577 1196; x_wconf 88' lang='lat' dir='ltr'><strong>tutior</strong></span> <span class='ocrx_word' id='word_1_51' title='bbox 590 1139 701 1212; x_wconf 82' lang='lat' dir='ltr'><strong>hospita</strong></span> <span class='ocrx_word' id='word_1_52' title='bbox 713 1140 815 1198; x_wconf 89' lang='lat' dir='ltr'><strong>lustres</strong></span> 
     </span>
     <span class='ocr_line' id='line_1_9' title="bbox 96 1238 759 1312; baseline 0 -16"><span class='ocrx_word' id='word_1_53' title='bbox 96 1240 226 1312; x_wconf 82' lang='lat' dir='ltr'><strong>Aequora</strong></span> <span class='ocrx_word' id='word_1_54' title='bbox 238 1244 267 1297; x_wconf 87' lang='lat' dir='ltr'><strong>et</strong></span> <span class='ocrx_word' id='word_1_55' title='bbox 279 1238 403 1296; x_wconf 89' lang='lat' dir='ltr'><strong>Ausonio</strong></span> <span class='ocrx_word' id='word_1_56' title='bbox 415 1238 503 1310; x_wconf 85' lang='lat' dir='ltr'><strong>possis</strong></span> <span class='ocrx_word' id='word_1_57' title='bbox 516 1238 655 1296; x_wconf 87' lang='lat' dir='ltr'><strong>considere</strong></span> <span class='ocrx_word' id='word_1_58' title='bbox 668 1243 759 1311; x_wconf 84' lang='lat' dir='ltr'><strong>portu,</strong></span> 
     </span>
     <span class='ocr_line' id='line_1_10' title="bbox 96 1334 829 1409; baseline 0 -16"><span class='ocrx_word' id='word_1_59' title='bbox 96 1337 249 1409; x_wconf 86' lang='lat' dir='ltr'><strong>Expediam</strong></span> <span class='ocrx_word' id='word_1_60' title='bbox 263 1335 364 1408; x_wconf 87' lang='lat' dir='ltr'><strong>dictis;</strong></span> <span class='ocrx_word' id='word_1_61' title='bbox 383 1334 530 1407; x_wconf 76' lang='lat' dir='ltr'><strong>prohibent</strong></span> <span class='ocrx_word' id='word_1_62' title='bbox 544 1353 609 1392; x_wconf 85' lang='lat' dir='ltr'><strong>nam</strong></span> <span class='ocrx_word' id='word_1_63' title='bbox 622 1339 714 1392; x_wconf 86' lang='lat' dir='ltr'><strong>cetera</strong></span> <span class='ocrx_word' id='word_1_64' title='bbox 727 1335 829 1393; x_wconf 83' lang='lat' dir='ltr'><strong>Parcae</strong></span> 
     </span>
     <span class='ocr_line' id='line_1_11' title="bbox 97 1431 775 1504; baseline 0 -13"><span class='ocrx_word' id='word_1_65' title='bbox 97 1434 172 1491; x_wconf 84' lang='lat' dir='ltr'><strong>Scire</strong></span> <span class='ocrx_word' id='word_1_66' title='bbox 187 1432 325 1490; x_wconf 88' lang='lat' dir='ltr'><strong>Helenum</strong></span> <span class='ocrx_word' id='word_1_67' title='bbox 336 1431 443 1504; x_wconf 79' lang='lat' dir='ltr'><strong>farique</strong></span> <span class='ocrx_word' id='word_1_68' title='bbox 456 1436 535 1489; x_wconf 86' lang='lat' dir='ltr'><strong>vetat</strong></span> <span class='ocrx_word' id='word_1_69' title='bbox 550 1432 682 1490; x_wconf 83' lang='lat' dir='ltr'><strong>Saturnia</strong></span> <span class='ocrx_word' id='word_1_70' title='bbox 695 1432 775 1491; x_wconf 90' lang='lat' dir='ltr'><strong>Iuno.</strong></span> 
     </span>
     <span class='ocr_line' id='line_1_12' title="bbox 96 1529 857 1603; baseline -0.001 -16"><span class='ocrx_word' id='word_1_71' title='bbox 96 1530 235 1603; x_wconf 90' lang='lat' dir='ltr'><strong>Principio</strong></span> <span class='ocrx_word' id='word_1_72' title='bbox 249 1529 368 1600; x_wconf 82' lang='lat' dir='ltr'><strong>Italiam,</strong></span> <span class='ocrx_word' id='word_1_73' title='bbox 384 1546 469 1601; x_wconf 84' lang='lat' dir='ltr'><strong>quam</strong></span> <span class='ocrx_word' id='word_1_74' title='bbox 482 1533 515 1585; x_wconf 88' lang='lat' dir='ltr'><strong>tu</strong></span> <span class='ocrx_word' id='word_1_75' title='bbox 528 1529 584 1586; x_wconf 90' lang='lat' dir='ltr'><strong>iam</strong></span> <span class='ocrx_word' id='word_1_76' title='bbox 597 1547 656 1587; x_wconf 90' lang='lat' dir='ltr'><strong>rere</strong></span> <span class='ocrx_word' id='word_1_77' title='bbox 669 1530 857 1603; x_wconf 80' lang='lat' dir='ltr'><strong>propinquam,</strong></span> 
     </span>
     <span class='ocr_line' id='line_1_13' title="bbox 97 1626 741 1700; baseline 0 -16"><span class='ocrx_word' id='word_1_78' title='bbox 97 1627 270 1700; x_wconf 79' lang='lat' dir='ltr'><strong>Vicinosque,</strong></span> <span class='ocrx_word' id='word_1_79' title='bbox 285 1626 386 1700; x_wconf 81' lang='lat' dir='ltr'><strong>ignaru,</strong></span> <span class='ocrx_word' id='word_1_80' title='bbox 401 1643 481 1699; x_wconf 81' lang='lat' dir='ltr'><strong>paras</strong></span> <span class='ocrx_word' id='word_1_81' title='bbox 493 1626 623 1691; x_wconf 70' lang='lat' dir='ltr'><strong>nvadorc</strong></span> <span class='ocrx_word' id='word_1_82' title='bbox 636 1631 741 1700; x_wconf 86' lang='lat' dir='ltr'><strong>portus,</strong></span> 
     </span>
     <span class='ocr_line' id='line_1_14' title="bbox 96 1722 769 1798; baseline 0.003 -16"><span class='ocrx_word' id='word_1_83' title='bbox 96 1725 192 1798; x_wconf 84' lang='lat' dir='ltr'><strong>Longa</strong></span> <span class='ocrx_word' id='word_1_84' title='bbox 205 1723 299 1797; x_wconf 90' lang='lat' dir='ltr'><strong>procul</strong></span> <span class='ocrx_word' id='word_1_85' title='bbox 312 1722 402 1796; x_wconf 84' lang='lat' dir='ltr'><strong>longis</strong></span> <span class='ocrx_word' id='word_1_86' title='bbox 415 1723 463 1780; x_wconf 84' lang='lat' dir='ltr'><strong>via</strong></span> <span class='ocrx_word' id='word_1_87' title='bbox 475 1722 577 1781; x_wconf 84' lang='lat' dir='ltr'><strong>dividit</strong></span> <span class='ocrx_word' id='word_1_88' title='bbox 590 1723 668 1781; x_wconf 84' lang='lat' dir='ltr'><strong>invia</strong></span> <span class='ocrx_word' id='word_1_89' title='bbox 680 1724 769 1784; x_wconf 78' lang='lat' dir='ltr'><strong>terris</strong></span> 
     </span>
     <span class='ocr_line' id='line_1_15' title="bbox 96 1819 766 1880; baseline 0.001 -1"><span class='ocrx_word' id='word_1_90' title='bbox 96 1821 171 1879; x_wconf 88' lang='lat' dir='ltr'><strong>Anto</strong></span> <span class='ocrx_word' id='word_1_91' title='bbox 185 1825 214 1879; x_wconf 88' lang='lat' dir='ltr'><strong>et</strong></span> <span class='ocrx_word' id='word_1_92' title='bbox 227 1820 368 1878; x_wconf 75' lang='lat' dir='ltr'><strong>Trinacria</strong></span> <span class='ocrx_word' id='word_1_93' title='bbox 380 1819 528 1878; x_wconf 89' lang='lat' dir='ltr'><strong>lentandus</strong></span> <span class='ocrx_word' id='word_1_94' title='bbox 541 1838 633 1877; x_wconf 91' lang='lat' dir='ltr'><strong>remus</strong></span> <span class='ocrx_word' id='word_1_95' title='bbox 646 1821 676 1877; x_wconf 95' lang='lat' dir='ltr'><strong>in</strong></span> <span class='ocrx_word' id='word_1_96' title='bbox 690 1822 766 1880; x_wconf 82' lang='lat' dir='ltr'><strong>unda</strong></span> 
     </span>
     <span class='ocr_line' id='line_1_16' title="bbox 96 1916 780 1993; baseline 0.003 -16"><span class='ocrx_word' id='word_1_97' title='bbox 96 1922 135 1977; x_wconf 89' lang='lat' dir='ltr'><strong>Et</strong></span> <span class='ocrx_word' id='word_1_98' title='bbox 148 1919 213 1976; x_wconf 86' lang='lat' dir='ltr'><strong>salis</strong></span> <span class='ocrx_word' id='word_1_99' title='bbox 227 1918 344 1976; x_wconf 87' lang='lat' dir='ltr'><strong>Ausonii</strong></span> <span class='ocrx_word' id='word_1_100' title='bbox 357 1916 532 1975; x_wconf 87' lang='lat' dir='ltr'><strong>lustrandum</strong></span> <span class='ocrx_word' id='word_1_101' title='bbox 546 1918 663 1976; x_wconf 83' lang='lat' dir='ltr'><strong>navibus</strong></span> <span class='ocrx_word' id='word_1_102' title='bbox 677 1937 780 1993; x_wconf 88' lang='lat' dir='ltr'><strong>aequor</strong></span> 
     </span>
     <span class='ocr_line' id='line_1_17' title="bbox 97 2006 884 2090; baseline 0.001 -16"><span class='ocrx_word' id='word_1_103' title='bbox 97 2017 255 2088; x_wconf 87' lang='lat' dir='ltr'><strong>Infernique</strong></span> <span class='ocrx_word' id='word_1_104' title='bbox 269 2015 344 2073; x_wconf 88' lang='lat' dir='ltr'><strong>lacus</strong></span> <span class='ocrx_word' id='word_1_105' title='bbox 358 2014 517 2086; x_wconf 80' lang='lat' dir='ltr'><strong>Aeaeaeque</strong></span> <span class='ocrx_word' id='word_1_106' title='bbox 530 2015 621 2072; x_wconf 89' lang='lat' dir='ltr'><strong>insula</strong></span> <span class='ocrx_word' id='word_1_107' title='bbox 635 2016 739 2090; x_wconf 86' lang='lat' dir='ltr'><strong>Oircae,</strong></span> <span class='ocrx_word' id='word_1_108' title='bbox 880 2006 884 2013; x_wconf 73' lang='grc'><em>’</em></span> 
     </span>
     <span class='ocr_line' id='line_1_18' title="bbox 97 2111 742 2184; baseline 0.008 -15"><span class='ocrx_word' id='word_1_109' title='bbox 97 2113 187 2183; x_wconf 80' lang='lat' dir='ltr'><strong>Quam</strong></span> <span class='ocrx_word' id='word_1_110' title='bbox 201 2117 264 2169; x_wconf 89' lang='lat' dir='ltr'><strong>tuta</strong></span> <span class='ocrx_word' id='word_1_111' title='bbox 276 2111 364 2183; x_wconf 88' lang='lat' dir='ltr'><strong>possis</strong></span> <span class='ocrx_word' id='word_1_112' title='bbox 377 2111 474 2168; x_wconf 86' lang='lat' dir='ltr'><strong>urbem</strong></span> <span class='ocrx_word' id='word_1_113' title='bbox 488 2129 648 2184; x_wconf 89' lang='lat' dir='ltr'><strong>componere</strong></span> <span class='ocrx_word' id='word_1_114' title='bbox 661 2118 742 2174; x_wconf 63' lang='lat' dir='ltr'><strong>urta</strong></span> 
     </span>
     <span class='ocr_line' id='line_1_19' title="bbox 98 2207 772 2283; baseline 0.004 -15"><span class='ocrx_word' id='word_1_115' title='bbox 98 2210 183 2283; x_wconf 81' lang='lat' dir='ltr'><strong>Signa</strong></span> <span class='ocrx_word' id='word_1_116' title='bbox 196 2208 250 2266; x_wconf 88' lang='lat' dir='ltr'><strong>tibi</strong></span> <span class='ocrx_word' id='word_1_117' title='bbox 263 2207 371 2278; x_wconf 86' lang='lat' dir='ltr'><strong>dicam3</strong></span> <span class='ocrx_word' id='word_1_118' title='bbox 391 2210 425 2262; x_wconf 88' lang='lat' dir='ltr'><strong>tu</strong></span> <span class='ocrx_word' id='word_1_119' title='bbox 438 2207 551 2264; x_wconf 89' lang='lat' dir='ltr'><strong>condita</strong></span> <span class='ocrx_word' id='word_1_120' title='bbox 563 2214 657 2268; x_wconf 88' lang='lat' dir='ltr'><strong>mente</strong></span> <span class='ocrx_word' id='word_1_121' title='bbox 671 2215 772 2271; x_wconf 87' lang='lat' dir='ltr'><strong>teneto.</strong></span> 
     </span>
     <span class='ocr_line' id='line_1_20' title="bbox 98 2300 784 2364; baseline 0.004 -3"><span class='ocrx_word' id='word_1_122' title='bbox 98 2303 169 2362; x_wconf 83' lang='lat' dir='ltr'><strong>Oum</strong></span> <span class='ocrx_word' id='word_1_123' title='bbox 183 2301 237 2359; x_wconf 90' lang='lat' dir='ltr'><strong>tibi</strong></span> <span class='ocrx_word' id='word_1_124' title='bbox 250 2300 368 2358; x_wconf 87' lang='lat' dir='ltr'><strong>sollicito</strong></span> <span class='ocrx_word' id='word_1_125' title='bbox 381 2300 479 2357; x_wconf 80' lang='lat' dir='ltr'><strong>secreti</strong></span> <span class='ocrx_word' id='word_1_126' title='bbox 493 2301 529 2358; x_wconf 86' lang='lat' dir='ltr'><strong>ad</strong></span> <span class='ocrx_word' id='word_1_127' title='bbox 541 2301 666 2360; x_wconf 88' lang='lat' dir='ltr'><strong>fluminis</strong></span> <span class='ocrx_word' id='word_1_128' title='bbox 679 2305 784 2364; x_wconf 83' lang='lat' dir='ltr'><strong>undam</strong></span> 
     </span>
     <span class='ocr_line' id='line_1_21' title="bbox 97 2397 749 2471; baseline 0.003 -13"><span class='ocrx_word' id='word_1_129' title='bbox 97 2401 216 2458; x_wconf 84' lang='lat' dir='ltr'><strong>Litoreis</strong></span> <span class='ocrx_word' id='word_1_130' title='bbox 230 2399 326 2471; x_wconf 82' lang='lat' dir='ltr'><strong>ingens</strong></span> <span class='ocrx_word' id='word_1_131' title='bbox 338 2397 454 2456; x_wconf 88' lang='lat' dir='ltr'><strong>inventa</strong></span> <span class='ocrx_word' id='word_1_132' title='bbox 466 2398 519 2456; x_wconf 88' lang='lat' dir='ltr'><strong>sub</strong></span> <span class='ocrx_word' id='word_1_133' title='bbox 531 2399 642 2458; x_wconf 88' lang='lat' dir='ltr'><strong>ilicibus</strong></span> <span class='ocrx_word' id='word_1_134' title='bbox 655 2419 703 2460; x_wconf 88' lang='lat' dir='ltr'><strong>sus</strong></span> <span class='ocrx_word' id='word_1_135' title='bbox 747 2426 749 2430; x_wconf 34' lang='lat'>⁸</span> 
     </span>
     <span class='ocr_line' id='line_1_22' title="bbox 98 2495 655 2572; baseline 0 -16"><span class='ocrx_word' id='word_1_136' title='bbox 98 2498 224 2572; x_wconf 74' lang='lat' dir='ltr'><strong>Triginta</strong></span> <span class='ocrx_word' id='word_1_137' title='bbox 237 2496 358 2569; x_wconf 87' lang='lat' dir='ltr'><strong>capitum</strong></span> <span class='ocrx_word' id='word_1_138' title='bbox 372 2495 446 2553; x_wconf 84' lang='lat' dir='ltr'><strong>fetus</strong></span> <span class='ocrx_word' id='word_1_139' title='bbox 458 2496 541 2554; x_wconf 82' lang='lat' dir='ltr'><strong>enixa</strong></span> <span class='ocrx_word' id='word_1_140' title='bbox 554 2497 655 2556; x_wconf 89' lang='lat' dir='ltr'><strong>iacebit</strong></span> 
     </span>
     <span class='ocr_line' id='line_1_23' title="bbox 97 2593 762 2669; baseline 0 -16"><span class='ocrx_word' id='word_1_141' title='bbox 97 2595 172 2653; x_wconf 86' lang='lat' dir='ltr'><strong>Alba</strong></span> <span class='ocrx_word' id='word_1_142' title='bbox 184 2594 241 2653; x_wconf 87' lang='lat' dir='ltr'><strong>solo</strong></span> <span class='ocrx_word' id='word_1_143' title='bbox 254 2593 395 2664; x_wconf 77' lang='lat' dir='ltr'><strong>recubans,</strong></span> <span class='ocrx_word' id='word_1_144' title='bbox 409 2593 468 2650; x_wconf 73' lang='lat' dir='ltr'><strong>albi</strong></span> <span class='ocrx_word' id='word_1_145' title='bbox 480 2593 584 2652; x_wconf 86' lang='lat' dir='ltr'><strong>circum</strong></span> <span class='ocrx_word' id='word_1_146' title='bbox 598 2595 682 2652; x_wconf 90' lang='lat' dir='ltr'><strong>ubera</strong></span> <span class='ocrx_word' id='word_1_147' title='bbox 694 2596 762 2669; x_wconf 89' lang='lat' dir='ltr'><strong>nati,</strong></span> 
     </span>
     <span class='ocr_line' id='line_1_24' title="bbox 98 2690 781 2762; baseline 0.004 -12"><span class='ocrx_word' id='word_1_148' title='bbox 98 2692 128 2750; x_wconf 90' lang='lat' dir='ltr'><strong>Is</strong></span> <span class='ocrx_word' id='word_1_149' title='bbox 141 2693 217 2750; x_wconf 86' lang='lat' dir='ltr'><strong>locus</strong></span> <span class='ocrx_word' id='word_1_150' title='bbox 229 2690 306 2747; x_wconf 91' lang='lat' dir='ltr'><strong>urbis</strong></span> <span class='ocrx_word' id='word_1_151' title='bbox 319 2690 380 2761; x_wconf 86' lang='lat' dir='ltr'><strong>erit,</strong></span> <span class='ocrx_word' id='word_1_152' title='bbox 395 2690 503 2762; x_wconf 82' lang='lat' dir='ltr'><strong>requies</strong></span> <span class='ocrx_word' id='word_1_153' title='bbox 516 2709 549 2748; x_wconf 78' lang='lat' dir='ltr'><strong>ea</strong></span> <span class='ocrx_word' id='word_1_154' title='bbox 562 2696 637 2750; x_wconf 86' lang='lat' dir='ltr'><strong>carta</strong></span> <span class='ocrx_word' id='word_1_155' title='bbox 649 2692 781 2754; x_wconf 87' lang='lat' dir='ltr'><strong>laborum.</strong></span> 
     </span>
     <span class='ocr_line' id='line_1_25' title="bbox 98 2787 773 2852; baseline 0.007 -5"><span class='ocrx_word' id='word_1_156' title='bbox 98 2789 158 2847; x_wconf 87' lang='lat' dir='ltr'><strong>Nec</strong></span> <span class='ocrx_word' id='word_1_157' title='bbox 172 2793 205 2845; x_wconf 89' lang='lat' dir='ltr'><strong>tu</strong></span> <span class='ocrx_word' id='word_1_158' title='bbox 218 2805 374 2845; x_wconf 87' lang='lat' dir='ltr'><strong>mensarum</strong></span> <span class='ocrx_word' id='word_1_159' title='bbox 387 2805 494 2845; x_wconf 90' lang='lat' dir='ltr'><strong>morsus</strong></span> <span class='ocrx_word' id='word_1_160' title='bbox 507 2787 632 2847; x_wconf 89' lang='lat' dir='ltr'><strong>horresce</strong></span> <span class='ocrx_word' id='word_1_161' title='bbox 646 2791 773 2852; x_wconf 89' lang='lat' dir='ltr'><strong>futuros:</strong></span> 
     </span>
     <span class='ocr_line' id='line_1_26' title="bbox 99 2883 943 2962; baseline 0.008 -19"><span class='ocrx_word' id='word_1_162' title='bbox 99 2886 170 2943; x_wconf 86' lang='lat' dir='ltr'><strong>Fata</strong></span> <span class='ocrx_word' id='word_1_163' title='bbox 182 2885 256 2943; x_wconf 83' lang='lat' dir='ltr'><strong>viam</strong></span> <span class='ocrx_word' id='word_1_164' title='bbox 270 2883 411 2940; x_wconf 83' lang='lat' dir='ltr'><strong>invenient</strong></span> <span class='ocrx_word' id='word_1_165' title='bbox 425 2883 567 2957; x_wconf 83' lang='lat' dir='ltr'><strong>aderitque</strong></span> <span class='ocrx_word' id='word_1_166' title='bbox 581 2890 694 2944; x_wconf 84' lang='lat' dir='ltr'><strong>vocatus</strong></span> <span class='ocrx_word' id='word_1_167' title='bbox 706 2888 814 2962; x_wconf 86' lang='lat' dir='ltr'><strong>Apollo.</strong></span> <span class='ocrx_word' id='word_1_168' title='bbox 938 2883 943 2895; x_wconf 79' lang='lat'>&#39;</span> 
     </span>
     <span class='ocr_line' id='line_1_27' title="bbox 99 2980 785 3059; baseline 0.004 -18"><span class='ocrx_word' id='word_1_169' title='bbox 99 2984 160 3041; x_wconf 87' lang='lat' dir='ltr'><strong>Has</strong></span> <span class='ocrx_word' id='word_1_170' title='bbox 173 2988 266 3040; x_wconf 90' lang='lat' dir='ltr'><strong>autern</strong></span> <span class='ocrx_word' id='word_1_171' title='bbox 280 2985 366 3039; x_wconf 83' lang='lat' dir='ltr'><strong>terras</strong></span> <span class='ocrx_word' id='word_1_172' title='bbox 380 2980 501 3053; x_wconf 86' lang='lat' dir='ltr'><strong>Italique</strong></span> <span class='ocrx_word' id='word_1_173' title='bbox 514 2980 586 3039; x_wconf 91' lang='lat' dir='ltr'><strong>hanc</strong></span> <span class='ocrx_word' id='word_1_174' title='bbox 598 2981 688 3040; x_wconf 88' lang='lat' dir='ltr'><strong>litoris</strong></span> <span class='ocrx_word' id='word_1_175' title='bbox 702 3002 785 3059; x_wconf 88' lang='lat' dir='ltr'><strong>oram,</strong></span> 
     </span>
     <span class='ocr_line' id='line_1_28' title="bbox 99 3077 836 3157; baseline 0.007 -19"><span class='ocrx_word' id='word_1_176' title='bbox 99 3080 228 3138; x_wconf 83' lang='lat' dir='ltr'><strong>Proxima</strong></span> <span class='ocrx_word' id='word_1_177' title='bbox 240 3095 310 3152; x_wconf 82' lang='lat' dir='ltr'><strong>quse</strong></span> <span class='ocrx_word' id='word_1_178' title='bbox 324 3077 411 3135; x_wconf 89' lang='lat' dir='ltr'><strong>nostri</strong></span> <span class='ocrx_word' id='word_1_179' title='bbox 424 3077 600 3150; x_wconf 81' lang='lat' dir='ltr'><strong>perfunditur</strong></span> <span class='ocrx_word' id='word_1_180' title='bbox 611 3082 736 3152; x_wconf 85' lang='lat' dir='ltr'><strong>aequoris</strong></span> <span class='ocrx_word' id='word_1_181' title='bbox 749 3088 836 3157; x_wconf 88' lang='lat' dir='ltr'><strong>aestu,</strong></span> 
     </span>
     <span class='ocr_line' id='line_1_29' title="bbox 98 3171 827 3250; baseline 0.005 -15"><span class='ocrx_word' id='word_1_182' title='bbox 98 3176 196 3250; x_wconf 84' lang='lat' dir='ltr'><strong>Effuge</strong></span> <span class='ocrx_word' id='word_1_183' title='bbox 207 3196 216 3249; x_wconf 90' lang='lat'>;</span> <span class='ocrx_word' id='word_1_184' title='bbox 236 3181 335 3233; x_wconf 89' lang='lat' dir='ltr'><strong>cuncta</strong></span> <span class='ocrx_word' id='word_1_185' title='bbox 347 3171 428 3231; x_wconf 85' lang='lat' dir='ltr'><strong>malis</strong></span> <span class='ocrx_word' id='word_1_186' title='bbox 441 3173 605 3232; x_wconf 79' lang='lat' dir='ltr'><strong>habitantur</strong></span> <span class='ocrx_word' id='word_1_187' title='bbox 617 3179 725 3236; x_wconf 87' lang='lat' dir='ltr'><strong>moenia</strong></span> <span class='ocrx_word' id='word_1_188' title='bbox 739 3179 827 3239; x_wconf 79' lang='lat' dir='ltr'><strong>Grais</strong></span> 
     </span>
     <span class='ocr_line' id='line_1_30' title="bbox 94 3272 707 3345; baseline 0.007 -15"><span class='ocrx_word' id='word_1_189' title='bbox 94 3273 153 3331; x_wconf 87' lang='lat' dir='ltr'><strong>Hic</strong></span> <span class='ocrx_word' id='word_1_190' title='bbox 167 3279 196 3331; x_wconf 86' lang='lat' dir='ltr'><strong>et</strong></span> <span class='ocrx_word' id='word_1_191' title='bbox 208 3272 324 3344; x_wconf 82' lang='lat' dir='ltr'><strong>Narycii</strong></span> <span class='ocrx_word' id='word_1_192' title='bbox 336 3277 486 3345; x_wconf 91' lang='lat' dir='ltr'><strong>posuerunt</strong></span> <span class='ocrx_word' id='word_1_193' title='bbox 499 3273 608 3331; x_wconf 86' lang='lat' dir='ltr'><strong>moenia</strong></span> <span class='ocrx_word' id='word_1_194' title='bbox 620 3273 707 3334; x_wconf 80' lang='lat' dir='ltr'><strong>Locri</strong></span> 
     </span>
    </p>

    <p class='ocr_par' dir='ltr' id='par_1_6' title="bbox 74 3366 670 3446">
     <span class='ocr_line' id='line_1_31' title="bbox 74 3366 670 3446; baseline 0.01 -22"><span class='ocrx_word' id='word_1_195' title='bbox 74 3366 121 3426; x_wconf 77' lang='lat' dir='ltr'><strong>Et</strong></span> <span class='ocrx_word' id='word_1_196' title='bbox 134 3368 312 3430; x_wconf 75' lang='lat' dir='ltr'><strong>Sallentinos</strong></span> <span class='ocrx_word' id='word_1_197' title='bbox 326 3369 439 3430; x_wconf 85' lang='lat' dir='ltr'><strong>obsedit</strong></span> <span class='ocrx_word' id='word_1_198' title='bbox 453 3369 545 3430; x_wconf 86' lang='lat' dir='ltr'><strong>milite</strong></span> <span class='ocrx_word' id='word_1_199' title='bbox 558 3389 670 3446; x_wconf 59' lang='lat' dir='ltr'><strong>cmpos</strong></span> 
     </span>
    </p>
   </div>
   <div class='ocr_carea' id='block_1_5' title="bbox 0 0 1075 3660">
    <p class='ocr_par' dir='ltr' id='par_1_7' title="bbox 0 0 1075 3660">
     <span class='ocr_line' id='line_1_32' title="bbox 0 0 1075 3660; baseline 0 0"><span class='ocrx_word' id='word_1_200' title='bbox 0 0 1075 3660; x_wconf 95' lang='lat' dir='ltr'><strong> </strong></span> 
     </span>
    </p>
   </div>
  </div>
 </body>
</html>
