2136 3660
366 211 542 263 AENEIDOS
559 211 626 264 LIB.
646 212 681 266 ΙΙ.

81 351 229 428 Oppositi3
249 356 308 411 stat
321 352 386 410 ferri
399 352 471 410 acies
484 369 614 410 mucrone
627 370 736 411 corusco

83 448 194 523 Stricta
210 456 308 524 parata
321 449 400 524 neei3
420 450 470 507 vix
482 449 566 522 primi
579 449 683 523 proelia
696 455 836 524 temptant

84 545 229 606 Portarum
243 547 342 621 vigiles
355 551 385 605 et
398 563 478 608 11111
491 546 584 606 Marto
597 547 748 606 resistunt'

84 645 196 704 Talibus
211 644 372 716 Othryadae
385 644 467 703 dietis
481 647 511 704 ct
524 643 638 702 numine
651 643 745 701 divom

82 742 116 799 In
129 743 256 801 flammas
270 746 299 800 ot
312 741 343 798 in
356 759 433 801 erma
445 741 526 812 feror,
542 759 598 814 quo
611 741 702 800 tristis
716 739 824 813 Erinys,

83 839 142 910 Quo
156 839 283 896 fremitus
297 842 379 896 vocat
392 842 420 894 et
434 837 561 894 sublatus
575 836 611 894 ad
624 837 737 894 aethera
750 837 858 896 clamor.

81 937 199 995 Addunt
213 953 242 993 se
256 936 343 992 socios
358 934 483 1008 Rhipeus
496 938 526 992 et
539 934 677 991 maximus
690 934 775 991 armis

82 1033 191 1107 Epytus
205 1032 292 1090 oblati
305 1049 354 1104 per
366 1031 469 1103 lunam,
486 1030 667 1104 Hypanisque
680 1030 848 1103 Dymasque,
961 1057 975 1084 0

82 1131 120 1191 Et
134 1130 216 1188 lateri
229 1128 420 1202 adglomerant
433 1133 534 1199 nostro,
550 1127 711 1201 iuvenisque
726 1127 864 1186 Coroebus

81 1226 265 1300 Mygdonides
281 1225 349 1303 (illis
362 1225 399 1281 ad
413 1224 523 1283 Troiam
537 1224 608 1283 forte
622 1225 719 1283 diebus

81 1324 204 1383 Venerat
217 1323 314 1380 insano
329 1321 499 1381 Cassandrae
512 1321 640 1380 incensus
653 1339 753 1395 amore,

82 1421 121 1478 Et
134 1439 217 1494 gener
229 1419 364 1486 1111111111
378 1418 488 1476 Priamo
502 1418 712 1492 Phrygibusque
725 1416 852 1497 ferebat),

82 1516 185 1575 Infelix
198 1517 247 1590 qui
260 1534 316 1574 non
329 1533 445 1589 sponsae
457 1520 604 1588 praecepte
616 1515 734 1575 fluentis

81 1616 218 1673 Audierit.
390 1634 392 1638 ·
659 1667 662 1676 ,

82 1712 158 1782 Quos
172 1711 221 1769 ubi
234 1711 371 1770 confertos
384 1710 484 1768 audere
497 1710 527 1766 in
540 1709 644 1783 proelis
657 1709 724 1781 vidi,

82 1805 190 1878 Incipio
203 1805 360 1878 superbis:
383 1804 520 1887 sinaeum,
536 1802 689 1861 fortissima
701 1802 807 1862 fristra

83 1903 206 1975 Pectore,
222 1903 247 1960 si
260 1902 339 1960 vobis
354 1901 502 1958 audentem
515 1905 639 1957 extrema
652 1899 752 1972 cupido

83 2001 167 2059 (lenta
180 2000 265 2072 sequi,
281 2017 352 2072 quac
365 1999 403 2056 sit
416 1998 499 2056 robus
512 1997 624 2055 fortuna
636 1996 745 2054 videtis.

81 2096 228 2153 Excessere
242 2113 336 2153 omnes
349 2094 442 2165 adytis
455 2094 564 2167 arisque
578 2093 681 2152 relictis

80 2193 128 2264 Di,
144 2192 244 2265 quibus
258 2192 404 2265 imperium
417 2190 470 2249 hoe
483 2196 618 2264 steterat;
638 2191 797 2250 succurritis
811 2193 874 2250 urbi

81 2289 231 2361 Incensae;
251 2289 408 2358 moriamur,
424 2293 453 2346 et
466 2287 496 2344 in
510 2288 602 2346 media
615 2306 692 2344 arma
704 2307 824 2349 ruamus

82 2387 148 2444 Una
161 2385 236 2442 salus
249 2385 332 2442 victis
346 2384 451 2441 nullam
464 2402 573 2457 sperare
586 2384 723 2443 salutem)

82 2481 128 2539 Sic
142 2481 241 2537 animis
254 2480 385 2538 iuvenum
399 2480 475 2539 furor
487 2480 606 2539 additus
650 2481 720 2539 Inde
733 2481 792 2555 lupi
806 2501 856 2542 ceu

83 2579 218 2651 Raptores
231 2582 293 2634 atra
305 2578 335 2634 in
348 2577 458 2646 nebula,
471 2595 541 2650 quos
554 2578 670 2650 inproba
682 2580 788 2638 ventris

83 2676 183 2748 Exegit
197 2692 289 2732 caecos
302 2674 392 2732 rabies
405 2674 545 2747 catulique
557 2675 648 2733 relicti

83 2773 220 2830 Faucibus
234 2777 381 2845 expectant
395 2771 481 2843 siccis,
497 2772 623 2845 pentola,
639 2791 688 2846 per
700 2773 790 2833 hostis

82 2869 218 2926 Vadimus
231 2868 307 2926 haud
320 2868 434 2926 dubiam
448 2869 478 2926 in
492 2875 617 2941 mortem,
633 2871 794 2945 mediaeque
807 2877 932 2931 tenemus

83 2967 169 3024 Urbis
182 2967 253 3039 iter3
274 2984 329 3023 nox
343 2971 404 3024 atra
417 2984 486 3024 cava
499 2966 678 3025 circumvolat
691 2969 796 3028 umbra
935 2985 973 3036 3⁶0

83 3063 150 3132 Quis
165 3063 270 3120 cladem
284 3063 359 3121 illiue
372 3064 468 3134 noctis,
485 3064 546 3135 quis
560 3063 657 3121 funera
670 3064 753 3122 fando

82 3160 209 3232 Explicet
223 3164 272 3216 aut
285 3159 373 3232 possit
386 3158 506 3217 lacrimis
519 3178 635 3233 aequare
648 3161 774 3220 laboresl

83 3256 158 3314 Urbs
172 3257 287 3328 antiqua
299 3255 357 3312 ruit
370 3256 473 3313 multos
488 3256 630 3317 dominata
643 3275 692 3330 per
705 3276 808 3329 annos;

83 3353 206 3410 Plurima
219 3370 321 3426 perque
334 3353 394 3410 vies
409 3358 570 3412 sternuntur
584 3355 685 3412 inertia
697 3355 799 3428 passim
