2136 3660
91 217 123 267 14
359 213 386 265 P.
407 213 549 266 VERGILI
566 213 722 266 MARONIS

90 355 211 428 Corpora
223 372 324 428 perque
338 354 432 411 domos
446 359 475 411 et
488 355 615 427 religiosa
628 355 741 412 deorum
947 370 986 420 3⁶⁵

89 451 206 510 Limina
250 450 310 508 Nec
323 450 375 508 soli
388 469 490 523 poenas
503 451 573 508 dant
586 452 719 524 sanguine
733 451 849 524 Teucri3

89 546 235 618 Quondam
248 547 333 606 etiam
345 547 428 606 victis
441 548 515 605 redit
527 548 558 604 in
571 548 729 621 praecordia
742 549 840 618 virtus,

88 644 270 718 Victoresque
284 644 388 701 cadunt
402 643 501 702 Danai.
547 643 673 702 Crudelis
686 643 789 716 ubique

89 741 202 813 Luctus,
219 741 322 814 ubique
336 758 422 813 pavor
436 746 465 798 et
478 739 598 813 plurima
610 741 707 798 mortis
721 742 819 814 imago.

89 918 203 972 370401.
224 919 367 983 Andropeos
377 919 430 969 aad
440 935 458 970 u
468 920 535 970 bord
545 921 576 982 of
584 920 673 970 &ealce
682 924 743 969 mcci
752 934 790 979 aas,
803 918 861 978 aad,
873 919 982 981 deamioq

151 1016 183 1050 aar
195 1001 289 1061 Grato,
296 1001 352 1062 sall
363 1002 416 1050 tato
426 1016 474 1050 our
483 1001 572 1051 bociola
610 1001 644 1050 W
642 1016 653 1050 a
661 1001 717 1062 eloy
725 1001 789 1049 iham
796 1001 847 1050 arrd
858 1001 907 1049 dou
918 1001 982 1049 abir

150 1097 261 1132 armour.
302 1082 372 1131 Thus
382 1081 509 1144 quuirod
519 1096 554 1131 we
560 1085 611 1145 put
621 1096 699 1143 many
710 1081 789 1130 others
799 1085 822 1130 to
833 1081 913 1130 aaa.

168 1229 278 1287 Primus
292 1248 321 1288 se
335 1229 465 1287 Danaum
477 1247 579 1303 magna
592 1229 743 1287 comitante
757 1235 869 1287 caterva
942 1253 981 1292 ³⁷0

87 1327 247 1400 Androgeos
261 1328 341 1385 offert
354 1327 442 1398 nobis,
458 1327 531 1384 socia
544 1326 655 1400 agmina
668 1326 780 1383 credens

88 1424 202 1496 Inscius,
219 1429 302 1497 atque
316 1424 390 1481 ultro
402 1423 494 1481 verbis
507 1423 654 1496 compellat
667 1423 780 1481 amicis:

89 1521 257 1593 ‘Festinata
273 1521 346 1579 riri:
366 1537 431 1577 nam
444 1537 517 1593 quae
528 1525 588 1577 tam
601 1537 662 1577 sera
675 1523 799 1576 moratur
826 1565 829 1572 ,

87 1617 225 1691 Segnities
239 1619 250 1673 t
269 1617 319 1674 alii
332 1616 445 1689 rapiunt
458 1616 570 1674 incensa
582 1615 729 1689 feruntque

86 1714 238 1787 Pergama3
258 1732 308 1772 vos
321 1713 400 1772 celsis
415 1731 488 1771 nuuc
500 1714 621 1786 primum
635 1731 652 1769 a
665 1712 783 1770 navibus
796 1711 845 1768 itis
853 1711 875 1769 f'
943 1735 979 1775 ³75

85 1811 175 1883 Dixit,
191 1816 220 1868 ot
234 1811 379 1884 extemplo,
395 1828 483 1883 neque
497 1811 571 1869 enim
584 1828 714 1883 responsa
727 1809 866 1867 dabantur

85 1905 157 1964 Fida
169 1907 245 1978 satis,
261 1908 348 1965 sensit
361 1907 466 1965 modios
480 1906 607 1979 delapsus
620 1907 650 1962 in
663 1906 758 1963 hostis

86 2002 231 2075 Obstipuit
244 2009 372 2077 retroque
385 2004 483 2076 pedem
497 2021 559 2060 cum
573 2021 640 2060 voce
653 2003 790 2076 repressit.

85 2098 262 2171 Inprovisum
275 2099 363 2171 aspris
376 2098 465 2156 veluti
479 2099 528 2171 qui
541 2098 666 2156 sentibus
679 2117 797 2172 anguem

85 2195 190 2252 Pressit
203 2194 282 2251 humi
295 2195 394 2266 nitens,
411 2194 589 2267 trepidusque
602 2200 713 2268 repente
727 2195 830 2268 refugit
941 2209 980 2260 380

84 2291 271 2349 Attollentem
284 2291 339 2348 iras
353 2296 382 2349 et
396 2291 505 2348 caerula
518 2292 588 2349 colia
601 2296 774 2365 tumentem

85 2388 165 2445 Haut
179 2405 256 2444 secus
269 2387 429 2459 Androgeos
442 2388 506 2446 visu
519 2388 697 2446 tremefactus
711 2388 814 2448 abibat.

84 2484 225 2542 Inruimus
239 2484 331 2542 densis
344 2489 374 2542 et
387 2485 633 2544 circumfundimur
645 2487 737 2557 armis,

84 2581 252 2655 Ignarosque
266 2581 319 2638 loci
332 2582 435 2654 passim
449 2586 477 2639 et
490 2582 636 2640 formidine
651 2587 746 2653 captos

85 2677 258 2750 Stemimus3
279 2677 402 2750 adspirat
416 2679 505 2751 primo
518 2679 631 2737 fortuna
644 2679 740 2736 labori.
940 2693 978 2745 385

84 2774 177 2847 Atque
191 2773 236 2831 hio
249 2792 375 2831 successu
389 2775 517 2833 exultans
530 2777 684 2848 animisque
698 2775 837 2834 Coroebus

86 2870 128 2928 ‘0
142 2871 217 2941 socii,
233 2888 290 2943 qua
302 2871 406 2943 prima’
420 2872 513 2945 inquit
530 2872 657 2929 ‘fortuna
669 2871 768 2929 salutis

84 2966 225 3024 Monstrat
239 2967 300 3038 iter,
317 2985 426 3039 quaque
440 2968 562 3026 ostendit
576 2987 605 3026 se
619 2968 724 3040 dextra,
740 2986 902 3042 sequamur:

84 3063 227 3120 Mutemus
242 3063 350 3137 clipeos,
367 3064 551 3137 Danaumque
564 3065 684 3137 insignia
697 3065 777 3123 nobis
857 3046 865 3062 Γ

83 3159 238 3232 Aptemus:
259 3160 339 3217 dolus
353 3178 389 3216 an
402 3161 500 3232 virtus,
516 3161 578 3233 quis
592 3161 622 3217 in
635 3160 715 3219 hoste
728 3161 870 3235 requirati
940 3188 979 3228 390

82 3256 170 3312 Arma
183 3255 290 3313 dabunt
303 3257 374 3329 ipsi’
417 3255 462 3314 Sic
477 3256 552 3314 fatus
566 3257 664 3315 deinde
679 3263 833 3316 comantem

84 3351 224 3428 Androgei
237 3352 344 3425 gedeum
358 3351 493 3425 clipeique
506 3353 614 3426 insigne
628 3353 757 3411 decorum
