2136 3660
366 224 543 278 AENEIDOS
557 224 624 276 tle.
645 223 695 275 ΙΙΙ.
946 225 976 276 41

88 525 203 578 all-373.
219 525 337 585 Hclccua,
352 523 396 575 ber
406 524 468 584 iord,
483 538 559 574 comas
568 537 610 585 rap.
654 522 697 574 Wc
708 522 767 573 eisd
775 521 816 572 laia
822 521 916 585 palaea,
926 519 979 570 aad

150 606 196 655 calc
206 606 302 655 mccacl
308 608 354 667 soc·
363 620 411 655 aar
421 620 516 668 voyage.

87 759 167 817 Talia
179 759 314 817 fundebat
326 758 473 816 lacrimans
485 758 635 831 longosque
648 756 739 815 ciebat
863 745 866 752 ’

86 857 229 914 Incassum
243 856 333 927 fletus,
349 875 412 914 cum
426 874 484 914 sese
497 874 515 913 a
527 856 671 914 moenibus
683 854 765 913 heros
940 879 977 918 3⁴⁵

86 954 239 1012 Priamides
252 953 349 1010 multis
363 953 487 1011 Helenus
501 953 698 1010 comitantibus
712 951 803 1009 adfert

84 1051 291 1124 Adgnoscitque
305 1069 377 1123 suos,
392 1050 536 1124 laetusque
549 1050 585 1107 ad
597 1049 695 1107 limina
708 1049 795 1121 ducit,

84 1147 123 1204 Et
137 1147 257 1204 multum
270 1148 396 1205 lacrimae
410 1148 495 1205 verba
507 1148 580 1206 inter
593 1148 701 1220 singula
714 1147 814 1205 fundit.

84 1245 214 1315 Procedo,
228 1250 257 1303 et
270 1263 383 1318 parvam
397 1245 507 1302 Troiam
521 1245 703 1320 simulataque
716 1244 825 1318 magnis

84 1341 219 1416 Pergama
232 1347 261 1400 et
274 1347 397 1399 arentem
411 1340 520 1399 Xanthi
534 1341 693 1416 cognomine
706 1341 798 1398 rivum
937 1365 976 1406 350

83 1439 231 1512 Adgnosco
244 1439 399 1512 Scaeaeque
413 1438 563 1512 amplector
575 1438 674 1496 limina
686 1443 788 1512 portae

83 1537 144 1594 Nec
157 1554 213 1594 non
226 1542 255 1594 et
269 1536 366 1594 Teucri
380 1536 455 1593 socia
466 1535 549 1593 simul
562 1535 631 1592 urbe
643 1535 792 1593 fruuntur:

82 1634 152 1692 Illos
165 1634 316 1707 porticibus
329 1651 378 1691 rex
391 1633 543 1705 accipiebat
555 1632 585 1688 in
599 1632 698 1705 amplia
705 1652 715 1706 ;

80 1732 166 1789 Aulai
179 1730 269 1788 medio
282 1729 412 1787 libabant
421 1728 520 1802 pocula
533 1728 635 1786 Bacchi

81 1814 305 1903 Impositisauro
318 1826 435 1899 dapibus
448 1831 611 1900 paterasque
624 1825 763 1885 tenebant
936 1851 973 1891 scs

106 2004 108 2008 Ι
161 1927 276 2000 Iamque
290 1926 349 1984 dies
362 1925 487 1998 alterque
499 1924 558 1982 dies
571 1924 710 1997 processit,
726 1929 755 1982 et
768 1941 850 1983 aurae

80 2024 152 2083 Vela
165 2028 266 2082 uocant
278 2022 440 2096 tumidoque
453 2022 568 2080 inflatm
580 2022 708 2080 carbasus
720 2022 843 2081 Austro:

81 2121 137 2180 His
150 2128 244 2180 vatem
257 2121 401 2194 adgredior
414 2120 496 2177 dictis
509 2137 541 2178 ac
554 2119 623 2177 talia
635 2137 753 2193 quaeso:

84 2220 261 2293 ‘Troiugena
276 2219 412 2291 interpres
426 2218 527 2290 divom,
542 2218 592 2291 qui
605 2218 720 2275 numina
733 2217 841 2275 Phoebi

82 2316 137 2387 Qui
150 2316 273 2390 tripodas
287 2315 373 2373 (ilarii
387 2321 416 2373 et
428 2315 530 2386 laurus,
546 2315 595 2387 qui
608 2315 698 2372 sidera
710 2315 799 2372 sentis
934 2329 973 2379 360

81 2413 121 2472 Et
133 2414 276 2472 volucrum
289 2412 398 2486 linguas
411 2417 440 2470 ct
453 2411 590 2484 praepetis
604 2412 696 2468 omina
708 2412 816 2485 pinnae,

81 2514 151 2572 Fare
164 2530 214 2584 age
229 2508 359 2590 (namque
373 2509 461 2566 omnis
475 2526 583 2566 cursum
597 2508 667 2564 mihi
679 2526 808 2583 prospera
820 2509 896 2566 dixit

82 2609 198 2682 Religio,
213 2612 242 2666 et
255 2607 349 2665 cuncti
361 2610 506 2664 suaserunt
519 2606 632 2663 numine
645 2606 705 2664 divi

81 2707 195 2765 Italiam
208 2710 300 2778 petere
313 2709 345 2761 et
355 2708 443 2760 terras
456 2707 591 2776 temptare
604 2708 747 2777 repostas,-

82 2804 263 2864 Seianorum
277 2799 408 2874 dictuque
421 2800 498 2857 nefas
512 2800 638 2874 Harpyia
651 2799 771 2859 Celaeno
935 2816 971 2867 ³⁶⁵

81 2900 242 2973 Prodigium
256 2899 330 2956 canit
343 2903 373 2956 et
386 2897 475 2956 tristis
488 2896 635 2954 denuntiat
647 2898 710 2970 iras,

81 2998 289 3070 obscenamque
302 2992 425 3073 famem),
441 3012 513 3068 quae
524 2995 614 3068 prima
626 2987 838 3067 pericularitet

81 3095 191 3166 Quidve
205 3111 320 3166 aequem
334 3096 428 3149 tantos
441 3091 543 3164 possim
556 3109 683 3164 superare
696 3091 803 3150 labores
811 3094 831 3151 l'

82 3192 138 3250 Hic
153 3190 277 3248 Helenus
291 3188 377 3246 caesis
390 3189 510 3261 primum
524 3188 558 3246 de
571 3206 646 3246 more
659 3189 782 3247 iuvencis

82 3288 188 3347 Exorat
201 3305 295 3361 paoem
310 3286 403 3344 divom
417 3287 558 3359 vittasque
571 3285 685 3344 resolvit
946 3311 990 3347 aas

81 3383 188 3444 &aaa
202 3383 306 3456 capitis,
322 3401 421 3459 meque
436 3382 474 3444 ad
488 3387 542 3444 tua
551 3384 668 3458 limina,
679 3381 816 3452 Ybnebe,
