2136 3660
362 204 537 257 aunnlnos
554 203 619 255 LIB.
641 200 691 254 111.
942 203 973 252 85

85 347 148 405 Hae
161 346 240 404 nobie
253 344 378 418 propriae
391 343 468 401 eedee
480 362 488 416 ;
508 343 573 399 hinc
586 341 734 399 Dardanus
748 344 825 397 ortuo

84 445 228 517 Iasiusque
242 448 328 515 pater,
344 459 430 514 genus
443 458 461 497 a
474 458 528 513 quo
541 439 664 512 principe
677 443 810 495 nostrum.

85 543 172 615 Surge
186 559 237 613 age
250 545 280 598 et
293 538 360 596 haec
373 539 463 596 laetus
477 538 610 611 longaevo
623 530 701 594 diota
711 534 820 610 parenti

85 638 171 696 Haud
184 637 338 694 dubitanda
350 634 428 707 refer,
445 634 598 706 Corythum
611 638 752 706 terraeque
766 632 888 706 requirat
942 657 979 695 170

84 734 240 792 Ausoniae:
260 732 378 789 Dictaea
391 736 475 805 negat
489 730 542 789 tibi
556 731 683 803 Iuppiter
695 730 779 788 arra'

85 831 199 888 Talibus
213 830 350 887 attonitus
363 829 431 886 vieie
444 834 474 887 et
486 847 553 886 voce
567 829 681 886 deorum

86 927 128 1006 (N
129 947 159 986 ec
172 947 252 1001 sopor
265 927 412 998 illuderet,
428 926 478 985 eed
491 944 582 984 coram
595 925 759 998 adgnoscere
772 923 865 981 voltus

85 1026 253 1097 Velataeque
267 1041 357 1081 comae
371 1023 579 1096 praesentiaque
593 1039 641 1079 ora
652 1021 774 1093 videbar,

84 1123 157 1179 Tum
170 1122 277 1195 gelidus
291 1126 351 1178 boto
365 1120 497 1177 manabat
510 1136 620 1193 corpore
633 1115 729 1197 sudor)
755 1148 758 1156 ·
943 1145 979 1182 ης

85 1219 210 1291 Corripio
224 1236 239 1275 e
253 1218 349 1275 stratis
362 1235 460 1290 corpus
473 1217 612 1289 tendoque
625 1216 738 1288 supinae

84 1316 131 1373 Ad
145 1315 250 1373 caelum
264 1332 326 1372 cum
339 1333 407 1373 voce
420 1332 518 1372 manue
532 1319 561 1372 et
574 1331 689 1371 munera
701 1312 759 1370 libo

85 1413 257 1471 Intemerata
269 1412 355 1471 focio:
374 1412 495 1485 perfecto
508 1411 598 1469 laetus
611 1410 713 1468 honore

83 1508 224 1567 Anchisen
238 1509 310 1566 facio
322 1514 428 1566 certum
441 1526 553 1581 remque
567 1508 662 1565 ordine
675 1507 773 1581 pando.

85 1606 227 1679 Adgnovit
239 1605 344 1678 prolem
356 1605 514 1678 ambigrmm
528 1606 705 1679 geminosque
718 1609 845 1677 parentes
944 1618 981 1658 xeo

86 1703 175 1775 Seque
189 1721 259 1760 novo
272 1707 397 1760 vetorum
411 1701 557 1774 deceptum
571 1719 661 1759 errore
674 1701 815 1760 locorum:

85 1799 158 1856 Tum
171 1804 323 1857 memorat:
346 1798 392 1855 ‘N
392 1802 446 1869 etc,
462 1797 556 1855 Iliacis
569 1797 689 1856 exercite
702 1797 777 1868 fatie,

85 1895 152 1953 Sola
164 1895 232 1952 mihi
247 1895 312 1952 talio
326 1911 405 1953 carue
419 1893 576 1952 Cassandra
589 1893 714 1952 canebat.

85 1992 169 2049 Nunc
182 1997 276 2065 repeto
289 1991 356 2049 haec
369 1991 462 2064 generi
475 1992 638 2063 portendere
652 1990 749 2048 debita
762 1995 857 2048 nostro

86 2089 125 2146 nt
138 2107 217 2162 saepe
232 2089 403 2161 Hesperiam,
419 2106 499 2161 saepe
514 2089 589 2146 Itala
602 2105 687 2161 regna
700 2105 806 2146 vocare.
941 2072 981 2152 18⁵*

86 2186 142 2244 Sed
155 2186 217 2258 quie
231 2186 266 2243 ad
281 2186 431 2259 Hesperiae
446 2192 579 2244 venturos
592 2186 676 2246 libore
689 2187 808 2244 Teucros
908 2173 917 2193 ⁰

86 2283 236 2341 Crederet?
255 2288 304 2340 aut
317 2301 400 2356 quem
414 2289 475 2341 tum
488 2290 567 2343 rates
579 2284 735 2342 Cassandra
748 2284 889 2342 morencii
917 2288 918 2291 ’

87 2378 225 2436 Cedamus
239 2378 351 2436 Phoebo
364 2384 394 2436 et
406 2380 507 2437 moniti
520 2380 635 2437 meliora
648 2382 814 2453 aequamur?

86 2475 134 2533 Sic
147 2475 195 2545 ait,
211 2479 241 2531 et
255 2475 347 2531 cuncti
362 2475 436 2533 dicio
449 2493 578 2549 paremus
593 2481 716 2534 ovantes.

87 2571 169 2628 Hanc
183 2588 290 2643 quoque
304 2569 454 2628 deserimus
467 2571 560 2629 eedem
574 2572 723 2644 paucisque
737 2572 840 2630 relictio
943 2597 981 2635 ιφ

86 2668 159 2726 Vela
172 2668 270 2725 damus
283 2674 448 2742 vastumque
461 2686 530 2728 cava
542 2668 622 2726 trabe
636 2669 770 2726 currimus
785 2686 892 2742 aequor.
981 2668 984 2679 ’

88 2846 204 2896 lea-218.
231 2845 274 2895 We
284 2845 336 2895 coil
350 2861 430 2909 oww,
445 2845 497 2896 acad
507 2860 551 2896 ore
567 2846 655 2896 driaco
668 2846 811 2911 batuam
826 2849 850 2896 to
861 2846 899 2896 tae
914 2846 982 2897 Stro-

150 2926 252 2988 phadon.

170 3057 323 3131 Postquam
336 3059 425 3117 altum
439 3063 551 3118 tenuere
565 3064 639 3117 ratae
649 3076 700 3116 nec
712 3059 769 3115 iam
779 3059 898 3132 amplius
912 3059 984 3116 ullae

88 3155 234 3226 Appareub
249 3159 345 3224 berrae,
362 3153 468 3213 caelum
481 3154 604 3227 undique
617 3159 646 3212 eb
659 3153 780 3227 undique
793 3160 903 3229 ponem,

90 3250 162 3306 Turn
176 3249 247 3306 mihi
262 3247 401 3308 caeruleus
414 3267 497 3324 cupra
511 3256 595 3324 caput
608 3251 701 3308 astitit
714 3251 809 3324 imber,

91 3346 212 3404 Noctem
226 3346 398 3421 hiememque
408 3346 506 3421 serene,
516 3353 547 3408 et
555 3346 701 3408 inhorruib
710 3347 795 3406 umba
803 3345 947 3404 muenia
974 3361 1019 3398 aas
