2136 3660
110 220 142 272 28
367 218 396 271 P.
407 217 560 271 marm
577 219 736 272 macoma
828 264 830 268 Α

109 358 248 434 obstipui,
263 363 455 433 stetenmtque
468 378 561 419 comae
575 366 604 419 et
617 378 672 419 vox
685 361 811 422 faucibus
824 361 922 423 haesit.

108 458 181 515 Tum
195 457 234 514 sic
247 456 336 514 adfari
349 462 378 515 et
392 457 528 516 curaahis
542 458 650 516 demere
664 458 765 520 dictis:
970 485 1008 526 m

111 553 202 624 ‘Quid
215 559 326 611 tantum
340 553 437 612 insano
450 554 530 612 iuvat
543 554 685 628 indulgere
699 556 794 629 dolori,

109 650 133 708 0
147 649 236 708 dulcis
250 650 388 708 coniunxi
408 668 463 708 non
476 649 544 708 haec
558 651 617 709 sine
631 651 744 710 numine
757 652 851 711 divom

108 746 268 819 Eveniunt3
289 764 339 804 nec
352 750 381 804 te
395 747 524 804 comitem
538 752 648 820 portare
662 748 795 806 Creusam

109 842 163 900 Fas
176 848 226 901 aut
239 843 286 900 ille
299 843 367 901 sinit
380 843 472 916 superi
485 849 614 916 regnator
627 844 748 918 Olympi

108 939 204 1013 Longa
217 940 270 997 tibi
284 941 374 1012 exilia
390 945 420 998 et
432 946 544 998 vastum
557 941 641 998 maris
655 959 757 1014 aequor
770 943 912 1017 arandum,
968 958 1008 1007 qao

108 1035 147 1092 Et
160 1040 263 1094 terram
278 1037 442 1109 Hesperiam
455 1036 558 1108 venies,
574 1036 625 1094 ubi
638 1036 745 1108 Lydius
758 1057 826 1097 arva

107 1130 187 1189 Inter
200 1133 292 1205 opima
304 1133 396 1190 virum
409 1132 465 1190 leni
478 1132 542 1190 fluit
555 1133 664 1206 agmine
678 1133 806 1205 Thybris.

108 1227 171 1284 Illic
183 1245 227 1285 res
240 1228 329 1285 laetae
342 1245 510 1300 regnumque
524 1233 553 1286 et
566 1229 642 1301 regia
655 1229 775 1287 coniunx

109 1323 195 1381 Parta
208 1324 279 1383 tibi:
300 1324 426 1380 lacrimas
440 1322 557 1382 dilectae
571 1325 642 1397 pelle
657 1325 782 1385 Creusae.

107 1419 137 1477 N
138 1438 174 1477 on
187 1439 237 1494 ego
251 1420 458 1492 Myrmidonum
471 1421 549 1478 sedes
562 1421 738 1495 Dolopumve
752 1423 884 1496 superbas
969 1439 1007 1494 γῆς

107 1517 248 1590 Aspiciam
261 1522 312 1574 aut
326 1516 407 1574 Grais
421 1517 555 1575 servitum
569 1519 705 1577 matribus
718 1519 773 1592 ibo,

107 1614 247 1672 Dardanis
260 1619 290 1673 et
303 1614 383 1672 divae
397 1614 512 1672 Veneris
525 1633 630 1689 nurus3

108 1710 163 1770 Sed
176 1728 221 1769 me
235 1729 335 1785 magna
348 1711 431 1769 deum
445 1711 580 1770 Geretrix
592 1712 637 1771 his
651 1712 758 1770 detinet
772 1714 833 1772 oria

108 1808 223 1882 Iamque
236 1809 299 1866 vale
312 1814 341 1867 et
354 1809 414 1866 nati
428 1827 508 1867 serra
519 1810 673 1868 eommunis
686 1810 825 1868 amorem’

109 1906 187 1964 Haec
200 1906 249 1962 ubi
263 1906 338 1962 dicta
351 1905 436 1977 dedit,
451 1905 642 1964 lacrimantem
655 1911 685 1964 et
698 1907 788 1964 multa
800 1906 941 1967 volentem
968 1934 1008 1973 rao

108 2001 208 2058 Dicere
221 1999 350 2071 deseruit,
366 2001 512 2073 tenuisque
525 2002 638 2059 recessit
651 2001 680 2059 in
694 2020 782 2063 auras.

109 2096 162 2154 Ter
175 2098 290 2152 conatus
303 2095 344 2152 ibi
357 2095 427 2152 eollo
440 2095 505 2153 dare
518 2096 648 2154 bracchia
661 2097 783 2171 circum3

109 2193 163 2250 Ter
175 2192 279 2249 frustra
292 2209 452 2264 comprensa
464 2210 564 2249 manus
577 2193 675 2266 effugit
688 2195 787 2268 imago,

109 2290 164 2348 Par
177 2288 285 2347 levibus
298 2288 390 2346 ventis
403 2288 562 2362 volucrique
575 2290 718 2348 simillima
730 2309 834 2351 somne.
984 2367 986 2375 Ι

109 2385 156 2444 Sic
169 2369 284 2442 demum'
294 2385 381 2442 socios
395 2390 558 2458 consumpta
571 2392 651 2445 nocte
664 2387 762 2447 revise.
969 2410 1007 2456 ,ος

109 2514 224 2568 tea-804.
243 2513 265 2562 I
265 2514 324 2575 joie
334 2529 377 2576 my
387 2514 519 2575 contradas,
531 2515 584 2564 aad
594 2517 668 2565 retice
678 2494 741 2565 aba
752 2516 890 2578 nepsatbcr
901 2521 925 2567 te
936 2517 995 2569 Ida.

187 2617 282 2689 Atque
294 2615 340 2673 bic
353 2615 494 2688 ingentem
508 2616 641 2673 comitum
655 2616 803 2674 adfluxisse
816 2636 952 2677 noverum

108 2713 225 2771 Invenio
238 2713 377 2769 admirans
390 2729 543 2783 numerum,
559 2717 715 2785 matresque
730 2714 865 2789 virosque,

108 2809 260 2868 collectam
274 2808 355 2865 exilio
368 2807 478 2880 pubem,
495 2807 649 2866 miserabile
662 2808 768 2882 volgus.

108 2906 240 2978 Undique
253 2922 410 2976 convenere,
425 2904 526 2962 animis
539 2905 690 2978 opibusque
703 2907 802 2978 parati,

108 3003 143 3060 In
156 3019 341 3075 quencumque
354 3001 438 3058 velim
452 3001 548 3074 pelago
562 3000 695 3060 deducere
709 3007 803 3062 terras.
968 3018 1008 3062 aa

107 3099 222 3171 Iamque
235 3098 307 3170 iugis
321 3115 444 3156 summae
457 3098 588 3170 surgebat
602 3098 713 3156 Lucifer
726 3099 794 3157 Idae

107 3194 288 3267 Ducebatque
301 3194 383 3266 diem,
398 3194 545 3267 Danaique
559 3194 669 3252 obsessa
682 3195 815 3253 tenebant

96 3291 214 3347 L1'1nrba
222 3296 378 3364 portarum,
394 3309 445 3349 nec
458 3309 520 3366 spes
534 3291 593 3365 opis
607 3291 665 3349 ulla
679 3292 804 3350 dabatur.

81 3383 167 3442 Oessr‘
179 3393 211 3445 et
221 3389 344 3450 subiate
357 3396 471 3452 montes
485 3391 614 3469 geniture
625 3390 724 3466 petivi.
