2136 3660
81 203 114 252 22
340 195 368 247 Ρ.
387 193 533 247 VERGILI
550 192 709 243 NARONIS

82 332 270 406 Ascaniusque
283 334 370 406 pueri
389 352 458 407 quos
472 333 561 391 omnis
573 332 697 405 undique
712 330 812 390 Graiae

82 431 193 489 Circum
208 435 300 486 errant
314 431 386 488 acies
400 435 436 500 et,
453 430 483 486 ni
496 447 558 485 mea
571 445 637 484 cura
648 427 769 498 resistat,

82 527 144 584 Iam
157 526 284 583 flammae
298 526 414 583 tulerint
426 525 555 582 inimicus
569 528 599 581 et
611 523 735 581 hauserit
749 523 829 582 ensis
946 535 984 578 ae

83 622 395 693 nonanrynarrea
409 620 597 678 aranea
609 620 751 678 racanas
1043 605 1046 609 ’

83 719 253 791 Culpatusre
267 719 354 790 Paris,
370 719 464 776 divom
477 717 661 789 inclementia,
678 717 780 788 divom,

83 815 144 872 Has
157 815 259 872 evertit
272 833 337 888 opes
351 815 505 887 sternitque
519 831 537 870 a
549 813 669 870 culmine
683 813 802 871 Troiam

83 911 342 984 Aspice-namque
356 929 474 982 omnem,
490 928 561 984 quae
574 928 648 967 nunc
660 909 783 968 obducta
796 906 888 966 tuenti

83 1007 211 1065 Mortalis
224 1007 340 1065 hebetat
352 1008 430 1064 visus
444 1007 498 1065 tibi
512 1011 541 1064 et
554 1006 651 1062 umida
663 1006 767 1063 circum
945 1017 984 1066 eos

84 1103 202 1177 (inligat,
218 1105 319 1162 nubem
334 1105 469 1176 eripiam;
489 1108 524 1160 tu
535 1120 626 1175 nequa
638 1102 762 1174 parentis

84 1201 165 1258 Iussa
178 1201 247 1258 time
260 1219 315 1258 neu
327 1201 481 1274 praeceptis
495 1217 591 1272 parere
603 1217 739 1256 recusa-

85 1297 148 1368 Hic,
164 1297 213 1354 ubi
227 1298 356 1355 disiectas
369 1297 456 1355 moles
469 1297 617 1369 avolsaque
631 1297 705 1353 saxis

85 1392 159 1450 Saxa
171 1392 249 1450 vides
262 1393 405 1464 mixtoque
418 1392 572 1449 undantem
585 1391 698 1465 pulvere
712 1391 829 1461 fumum,

85 1488 234 1561 Neptunus
247 1507 340 1547 muros
354 1508 507 1562 magnoque
521 1494 614 1547 emota
627 1489 744 1546 tridenti
946 1502 986 1542 610

85 1585 279 1642 Fundamenta
292 1586 385 1658 quatit
398 1591 542 1659 totamque
552 1604 570 1643 a
582 1586 693 1644 sedibus
706 1586 804 1643 urbem

86 1682 174 1738 Emit
216 1682 272 1740 Hic
285 1682 357 1740 Iuno
371 1683 471 1741 Scaeas
484 1683 646 1740 saevissima
657 1687 752 1756 portas

85 1778 181 1835 Prima
194 1784 279 1851 tenet,
295 1780 453 1853 sociumque
466 1779 561 1837 furens
574 1778 722 1837 anavibus
735 1795 834 1851 agmen

86 1875 170 1932 Ferro
184 1876 307 1933 accincta
320 1881 409 1934 vocat.

86 1969 148 2026 Iam
161 1989 282 2028 summas
296 1989 371 2029 arces
385 1972 517 2043 Tritonia,
533 1973 643 2044 respice,
660 1971 753 2028 Pallas
947 1985 985 2034 ⁶¹³

87 2064 204 2135 Insedit,
220 2064 307 2123 limbo
320 2067 453 2138 effulgens
467 2071 497 2124 et
510 2067 637 2140 Gorgone
650 2085 740 2126 saeva

85 2160 150 2233 Ipse
165 2160 249 2217 Pater
262 2160 369 2217 Danais
382 2162 488 2218 animos
501 2163 628 2235 viresque
641 2164 775 2221 secundas

87 2256 202 2327 Sufficit,
217 2257 277 2329 ipse
291 2256 356 2313 deos
370 2257 400 2312 in
413 2256 546 2314 Dardana
558 2259 676 2316 suscitat
689 2277 773 2316 arma

87 2351 178 2424 Eripe,
193 2357 266 2423 nate,
282 2352 384 2426 fugam,
399 2353 537 2426 finemque
550 2354 650 2432 inpone
663 2355 770 2414 labori:

87 2447 234 2521 Nusquam
247 2449 330 2506 abero
343 2454 373 2506 et
386 2454 481 2506 tutum
494 2451 584 2523 patrio
598 2456 627 2509 te
640 2452 736 2509 limine
750 2452 862 2508 sistam?
945 2469 986 2509 ⁶20

87 2543 213 2616 Dixerat,
228 2550 258 2602 et
271 2546 367 2619 spissis
380 2547 471 2605 noctis
484 2565 514 2605 se
527 2548 653 2606 condidit
665 2548 780 2607 umbris

86 2641 230 2713 Apparent
245 2640 321 2698 dirae
334 2642 419 2700 facies
431 2643 598 2717 inimicaque
611 2644 709 2702 Troiae

87 2736 212 2793 Numina
224 2754 325 2809 magna
338 2737 428 2795 deum

87 2912 201 2966 aas-670.
221 2912 242 2962 I
244 2912 307 2963 neat
314 2913 384 2964 teme
392 2914 511 2977 aadoffer
518 2919 542 2966 to
546 2917 596 2979 fleo
603 2917 666 2967 aaa
671 2918 809 2981 myfatter
816 2920 984 2985 aadsomiiy.

150 2993 271 3044 Arcadias
281 2995 379 3056 reficies.
414 2995 434 3044 I
442 2996 524 3058 tarry
535 3001 578 3046 oct
589 2999 669 3060 aquia
679 3000 710 3048 ia
720 2999 829 3062 despair.

167 3118 237 3176 Tum
251 3138 317 3179 vero
330 3140 411 3180 omne
424 3122 495 3180 mihi
508 3124 600 3181 visum
614 3125 754 3185 considere
767 3127 796 3184 in
811 3128 883 3200 ignis

86 3214 171 3272 Ilium
184 3217 330 3275 eteximo
344 3220 416 3278 verti
430 3219 575 3293 Neptunia
587 3221 687 3295 i'roia3
945 3239 984 3290 εις

85 3307 128 3366 Ac
140 3310 229 3369 veluti
242 3313 358 3371 summis
371 3315 515 3388 antiquam
528 3316 559 3373 in
572 3319 714 3377 montibus
727 3337 826 3377 ornum
