2136 3660
376 209 551 263 AENEIDOS
568 211 634 262 LIB.
656 210 692 264 11.
953 215 984 264 21

89 351 249 425 Tyndarida
262 351 383 425 aspici03
404 350 473 408 dant
487 351 560 408 clara
573 350 700 409 incendia
712 350 803 409 lucem
896 343 899 350 ’

89 449 203 506 Erranti
216 449 372 520 passimque
386 446 478 504 oculos
491 464 540 520 per
552 452 653 504 cuncte
665 448 773 507 ferenti
947 473 987 512 ⁵70

89 545 145 601 Illa
158 545 340 602 sibiinfestos
354 561 449 601 eversa
462 543 499 601 ob
511 543 646 616 Pergama
659 544 778 602 Teucros
1017 557 1026 566 ⁴

89 640 128 698 Et
142 658 243 714 poenae
257 641 387 698 Danaum
401 645 431 698 et
444 638 546 698 deserti
560 640 683 713 coniugis
696 641 751 700 iras

89 737 294 808 Praemetuens
310 737 407 794 Troiae
420 741 450 794 et
462 735 568 810 patriae
582 737 734 794 communis
748 735 857 809 Erinys,

88 830 244 888 Abdiderat
257 848 316 888 sese
329 834 413 904 atque
426 829 481 886 aris
494 829 585 886 invisa
598 829 720 887 sedebat.

43 954 47 961 ·
89 927 224 985 Exarsere
236 927 314 999 ignes
327 924 438 999 animo}
457 925 535 983 subit
547 925 590 982 ira
603 925 747 984 cadentem

89 1022 195 1080 Ulcisci
208 1024 328 1096 patriam
341 1027 371 1080 et
384 1022 530 1080 sceleratae
543 1040 650 1080 sumere
663 1040 773 1096 peenas.

89 1118 202 1178 Scilicet
215 1119 282 1176 haec
296 1118 424 1191 Spartam
438 1118 583 1176 incolumis
596 1118 755 1192 patriasque
767 1119 898 1190 Mycenas

88 1215 221 1287 Aspiciet‚
237 1219 371 1287 partoque
383 1213 438 1271 ibit
450 1213 549 1286 regina
558 1214 708 1289 triumpho,

89 1311 311 1383 Coniugiumque
325 1310 492 1382 domumque
505 1315 598 1383 patres
611 1315 748 1384 natosque
758 1309 873 1381 videbit,

89 1405 211 1463 Iliadum
226 1405 309 1463 turba
322 1410 351 1463 et
366 1405 495 1478 Phrygiis
509 1406 642 1463 comitata
654 1406 810 1464 ministriel
948 1418 985 1470 sse

90 1501 229 1560 Occiderit
242 1502 315 1558 ferro
328 1500 464 1573 Priamus,
480 1500 563 1559 Troia
575 1502 674 1559 arserit
687 1502 756 1574 igni,

88 1597 263 1655 Dardanium
277 1597 380 1655 totiens
394 1597 501 1654 sudarit
514 1598 650 1670 sanguine
660 1598 729 1655 litus
737 1597 751 1656 l>

90 1694 157 1751 Non
170 1695 218 1754 ita
261 1694 391 1767 Namque
404 1694 458 1751 etei
471 1693 580 1751 nullum
593 1693 770 1751 memorabile
783 1711 883 1751 nomen

91 1789 222 1847 Feminea
234 1790 264 1846 in
277 1807 366 1863 poena
379 1793 422 1847 est
436 1788 584 1846 nechabet
597 1789 714 1846 victoria
726 1788 844 1860 laudem,

90 1885 265 1942 Exstinxisse
277 1885 355 1943 nefas
369 1889 463 1942 tamen
476 1889 506 1941 et
518 1884 668 1957 empsisse
681 1885 813 1942 merentis
948 1899 986 1952 sss

91 1981 239 2039 Laudabor
251 1998 361 2054 poenas,
377 1981 555 2053 animumque
569 1979 691 2053 explesse
704 1981 814 2038 iuvabit

92 2077 210 2135 Ultricie
223 2077 351 2135 flammae
364 2081 394 2135 et
407 2077 510 2135 cineres
523 2077 639 2134 satiasse
652 2094 783 2137 meorum.

91 2173 172 2231 Talia
184 2174 322 2232 iactabam
335 2177 365 2231 et
377 2173 481 2231 furiata
493 2178 587 2232 mente
601 2173 728 2248 ferebas]

92 2351 208 2403 589·623.
235 2351 466 2414 Vcaaeappcoreto
476 2367 515 2400 arc
531 2351 585 2401 aad
600 2323 703 2401 didam
719 2351 779 2401 hold
793 2352 925 2416 myicoad.
960 2352 987 2401 It

157 2432 231 2482 lethe
242 2432 420 2495 werkofpocle,
434 2431 612 2494 uotosHalca.
647 2432 668 2481 I
675 2433 961 2496 mustflytomyhoma

91 2562 165 2621 (lum
177 2560 248 2618 mihi
261 2577 298 2632 se,
314 2578 369 2617 non
382 2563 447 2617 ante
461 2559 547 2617 oculis
560 2564 620 2616 tam
633 2558 714 2631 clara,
729 2557 878 2618 videndam

92 2658 205 2717 Obtulit
218 2662 247 2715 et
260 2661 513 2732 purepernoctem
526 2656 557 2712 in
570 2655 631 2713 luce
643 2655 754 2713 refulsit
948 2681 988 2720 590

91 2755 177 2813 Alma
189 2772 295 2827 parens,
311 2752 435 2810 mnfeesa
447 2752 527 2809 deam
541 2751 685 2824 qualisque
698 2751 788 2810 videri

92 2850 237 2911 Gaelicolis
250 2855 280 2907 et
293 2854 398 2922 quanta
411 2848 488 2919 solet,
505 2848 655 2920 dextraque
668 2848 833 2920 prehensum
892 2927 895 2931 ⁷

92 2947 247 3017 Oontinnit,
263 2963 393 3019 roseoque
406 2945 474 3002 haee
487 2944 599 3018 insuper
612 2944 721 3002 addidit
735 2962 780 3002 ore
793 2964 800 3003 :

94 3044 195 3114 ‘Nate
211 3043 273 3115 quis
286 3041 435 3099 indomitas
448 3045 545 3098 tantus
559 3039 636 3097 dolor
649 3040 753 3097 excitat
766 3039 841 3098 irael

93 3139 168 3211 Quid
181 3138 251 3196 farris
263 3142 313 3194 aut
326 3155 446 3210 quonam
459 3137 548 3194 nostri
562 3136 615 3194 tibi
629 3153 695 3193 cura
707 3136 838 3194 recessitl
949 3161 986 3200 scs

93 3236 159 3294 Non
172 3235 248 3308 prius
262 3234 384 3307 aspicies,
400 3234 449 3292 ubi
463 3232 566 3291 fessum
579 3237 671 3290 aetate
684 3237 827 3305 parentem

92 3333 220 3406 Liqueris
233 3330 381 3403 Anchisen,
397 3335 508 3404 superet
521 3330 673 3387 coniunxne
688 3328 791 3387 Creusa
