2136 3660
17 3566 39 3606 k

99 191 130 241 88
356 191 392 243 P..
404 192 548 243 VERGILI
567 192 724 244 MARONIS

98 335 187 404 Quam
201 351 251 391 vos
264 332 325 391 dire
337 334 425 391 fames
438 339 602 406 nostraeque
616 335 717 392 iniuria
730 336 820 394 caedis
890 338 892 344 '

97 430 231 488 Ambeses
244 430 356 503 subigat
369 430 450 487 malis
462 430 606 488 absumere
619 432 746 490 menses.'

97 607 210 661 aea-277.
230 608 267 658 Aa
282 609 322 659 tte
334 609 431 658 wama
444 610 473 672 eff
480 608 600 658 Arcelacam
610 624 646 659 we
655 611 707 660 soil
716 615 776 674 post
786 612 868 661 diem
885 612 993 674 omnm,

160 690 214 739 aad
218 690 316 753 finally
328 691 390 740 laad
400 696 427 739 at
437 691 548 741 Lcaoeatc.

95 805 185 878 Dixit,
201 810 230 863 et
244 806 274 863 in
287 805 387 864 silvam
399 806 492 880 pinnis
505 807 601 864 ablata
613 807 723 880 refugit

96 903 136 960 At
149 903 230 960 sociis
243 903 337 961 subita
349 902 456 977 gelidus
470 902 615 960 formidine
628 905 740 977 sanguis

94 999 242 1073 Deriguit3
262 1001 381 1058 cecidere
394 1001 487 1071 animi,
503 1019 554 1057 nec
566 1000 623 1057 iam
636 1002 756 1074 amplius
770 1003 854 1059 armis

95 1097 151 1155 Sed
164 1097 238 1155 votis
250 1097 430 1170 precibusque
443 1098 540 1154 iubent
553 1115 696 1170 exposcere
710 1117 812 1171 pacem,

95 1194 160 1253 Sive
174 1194 240 1253 deae
253 1213 303 1253 eeu
315 1194 373 1252 sint
386 1195 461 1252 dirae
475 1194 660 1267 obscenaeque
673 1195 804 1254 volucres

94 1291 134 1349 Et
146 1295 225 1364 pater
238 1290 372 1348 Anchises
385 1291 472 1364 passis
486 1291 521 1348 de
533 1292 614 1348 litore
627 1292 727 1364 palmis

93 1387 123 1444 N
124 1387 219 1445 nmina
230 1405 332 1461 magna
343 1392 425 1445 vocat
438 1387 605 1460 meritosque
618 1387 717 1445 indicit
731 1388 847 1447 honores
860 1411 867 1448 ε

93 1484 140 1557 Di,
156 1483 299 1557 prohibeto
311 1483 418 1542 minas:
439 1483 476 1555 di,
492 1483 577 1540 talem
590 1485 709 1542 avertite
722 1502 824 1557 casnm,

94 1581 133 1638 Et
146 1580 247 1654 placidi
260 1584 367 1638 servate
380 1579 457 1653 pioa’
498 1580 570 1637 Tum
583 1581 665 1638 litore
678 1581 775 1639 funem

93 1678 225 1752 Deripere
238 1695 418 1750 excussosque
431 1677 509 1736 iubet
521 1678 614 1735 laxare
626 1678 764 1739 rudentes

89 1776 223 1849 vTendunt
235 1775 299 1833 vela
311 1774 389 1848 noti3
409 1775 523 1833 ferimur
536 1775 730 1847 spumantibus
743 1775 833 1848 undis,

96 1873 157 1943 Qua
170 1890 279 1931 cursum
292 1877 447 1945 ventusque
458 1873 678 1945 gubernatorque
691 1873 815 1932 vocabat

95 1970 156 2028 Iam
170 1970 260 2029 medio
273 1974 386 2043 apparet
399 1970 487 2027 fluctu
500 1986 643 2026 nemorosa
656 1969 814 2041 Zacynthos

94 2066 309 2138 Dulichiumque
322 2065 458 2137 Sameque
471 2069 501 2121 et
515 2065 629 2122 Neritos
643 2065 730 2122 ardua
742 2067 822 2127 saxia

94 2161 249 2234 Effugimus
262 2160 387 2233 scopulos
401 2160 521 2231 Ithacae,
538 2160 650 2217 Laertia
663 2178 755 2235 regne,

95 2260 133 2316 Et
146 2263 248 2316 terram
262 2256 387 2315 altricem
400 2257 476 2314 saevi
490 2274 662 2314 exsecremm
675 2258 763 2318 Ulixi.

94 2356 162 2414 Mox
175 2361 204 2414 et
217 2355 354 2413 Leucatae
366 2354 492 2412 nimbosa
504 2355 647 2412 cacumina
659 2356 762 2415 montis

94 2453 133 2511 Et
145 2453 310 2510 formidatum
323 2451 416 2509 nautis
429 2451 551 2524 aperitur
564 2452 672 2527 Apollo.

93 2550 177 2608 Hunc
190 2550 311 2624 petimus
324 2548 390 2607 fessi
403 2554 433 2606 et
445 2567 545 2622 paruae
559 2550 730 2608 succedimus
742 2551 823 2624 urbi3

92 2647 201 2705 Ancora
214 2645 248 2704 de
261 2664 341 2721 prora
354 2645 461 2718 iacitur,
476 2651 553 2703 stant
565 2646 647 2704 litore
659 2664 771 2720 puppes

91 2829 206 2882 ata-298.
229 2827 306 2880 lbere
316 2828 338 2878 I
343 2830 378 2877 eet
388 2842 424 2890 ap
434 2842 451 2876 a
462 2827 555 2890 tropby,
570 2828 624 2876 aad
633 2842 669 2877 wc
678 2829 730 2877 saiz
740 2844 772 2878 oo
786 2833 809 2880 to
820 2830 980 2885 Buthrotum

170 2944 243 3018 Ergo
256 2944 396 3017 insperata
409 2943 522 3000 mndem
536 2942 636 3000 tellure
649 2943 733 3016 potiti

90 3041 307 3114 Lustramurque
321 3040 382 3097 Iovi
395 3039 523 3112 votisque
536 3039 707 3097 incendimus
720 3059 790 3115 ares,

89 3138 225 3211 Actiaque
239 3137 332 3195 Iliacis
346 3136 514 3194 celebramus
528 3136 611 3194 litora
623 3137 705 3196 ludis.

89 3234 225 3293 Exercent
238 3234 342 3307 patrias
355 3233 415 3291 oleo
427 3233 538 3291 labente
551 3233 701 3307 palaestras

72 3329 192 3412 Nudatr‘
200 3330 279 3404 socii,
292 3331 376 3390 iuvat
389 3331 511 3390 evasisse
524 3336 569 3390 tot
581 3332 665 3392 urbes
