2136 3660
112 190 143 240 48
369 183 397 236 Ρ.
419 181 562 234 VERGILI
579 178 736 231 MARONIS

112 328 259 401 Cernitur3
280 325 385 384 attollit
398 344 429 384 se
442 326 508 383 diva
521 324 635 382 Lacinia
648 328 744 381 contra

112 425 296 497 Caulonisque
309 442 384 481 arces
398 428 427 481 et
440 423 613 494 navifragum
627 420 794 493 Scylaceum.

111 523 182 580 Tum
196 521 290 594 procul
304 541 319 577 e
332 520 420 578 fluctu
433 519 573 577 Trinacria
586 519 707 576 cernitur
720 516 821 584 Aetna,

110 621 150 677 Et
163 619 297 692 gemitum
311 619 450 692 ingentem
465 617 555 690 pelagi
568 617 732 689 pulsataque
746 631 813 672 saxa

111 716 249 774 Audimus
262 715 342 788 longe
355 715 511 786 fractasque
524 713 560 770 ad
574 707 656 770 litora
669 729 758 783 voces,

111 813 302 885 Exultantque
315 813 388 870 vada
401 817 485 886 atque
498 816 577 868 aestu
590 810 742 867 miscentur
755 808 881 864 harenae.

111 911 151 967 Et
163 915 242 982 pater
255 910 407 969 Anchises:
431 908 579 965 ‘nimirum
593 908 660 965 haec
673 906 723 963 illa
737 903 893 977 charybdis
904 924 912 976 ;

112 1007 173 1064 Hos
187 1007 311 1065 Helenus
325 1007 458 1080 scopulos,
472 1006 539 1063 haec
552 1023 619 1062 sexa
632 1002 769 1061 horrenda
781 1001 904 1058 canebat.

112 1102 228 1177 Eripite,
241 1122 258 1161 o
271 1104 346 1175 socii,
359 1104 516 1176 pariterque
529 1102 664 1174 insurgite
677 1099 777 1158 remis'

113 1201 193 1258 Haut
207 1201 298 1257 minus
312 1219 344 1257 ae
357 1200 426 1257 iussi
440 1199 553 1270 iaciunt,
569 1199 727 1272 primusque
740 1195 886 1254 rudentem

114 1297 254 1356 contorsit
268 1298 360 1355 laevas
373 1315 483 1370 proram
497 1297 646 1356 Palinurus
659 1295 696 1352 ad
709 1293 814 1365 undas3

112 1394 234 1451 Laevam
247 1398 346 1450 cuncta
360 1393 455 1451 cohors
469 1395 552 1450 remis
565 1392 711 1464 ventisque
724 1391 833 1464 petivit.

114 1489 248 1547 Tollimur
261 1489 291 1545 in
305 1490 411 1548 caelum
425 1495 539 1547 curvato
553 1489 669 1562 gurgite,
686 1493 715 1545 et
728 1487 802 1544 idem

114 1586 257 1645 Subducta
268 1587 305 1644 ad
318 1588 407 1644 manis
420 1587 490 1644 imos
504 1586 658 1645 desedimus
671 1585 753 1642 unda

114 1683 167 1741 Ter
180 1683 284 1757 scopuli
297 1684 443 1742 clamorem
456 1685 529 1741 inter
542 1701 610 1740 cava
623 1701 690 1739 saxa
702 1682 809 1754 dedere,

16 1839 17 1842 ,
114 1781 168 1839 Ter
180 1800 306 1854 spumam
320 1782 415 1839 elisam
429 1786 458 1839 et
470 1781 593 1862 rorantia
606 1781 727 1837 vidimus
741 1784 822 1837 astra

115 1878 226 1936 Interea
239 1880 323 1936 fessos
338 1885 438 1937 ventus
452 1897 515 1936 cum
530 1878 586 1935 sole
599 1877 722 1949 reliquit,

114 1974 262 2048 ignarique
275 1977 336 2032 viae
351 1975 503 2048 Cyclopum
516 1975 673 2032 adlabimur
686 1973 748 2032 oria

115 2152 230 2209 tto-587.
250 2154 295 2237 ria
305 2155 421 2216 eruption
431 2157 461 2215 os
468 2154 556 2204 AEtna

195 2269 295 2325 Portus
309 2267 345 2325 ab
358 2286 467 2325 accessu
480 2273 625 2326 ventorum
639 2269 771 2327 immotus
785 2275 814 2328 et
826 2270 922 2344 ingens

114 2367 186 2439 Ipse,
201 2365 251 2423 sed
263 2365 396 2422 horrificis
410 2366 490 2423 iuxta
503 2371 582 2423 tonat
596 2368 688 2424 Aetna
701 2367 797 2440 ruinis,

113 2463 313 2536 Interdumque
325 2468 415 2521 atram
429 2464 583 2537 prorumpit
595 2464 633 2521 ad
646 2464 759 2522 aethera
771 2465 873 2522 nubem

113 2561 235 2619 Turbine
248 2561 401 2619 fumantem
415 2562 491 2634 piceo
505 2566 534 2619 et
548 2561 682 2619 candente
696 2561 793 2618 favilla

113 2658 282 2730 Attollitque
294 2657 390 2730 globos
403 2658 577 2716 flammarum
591 2663 620 2715 et
633 2658 723 2715 sidera
736 2658 844 2730 lambit,

113 2756 259 2812 Interdum
273 2754 398 2827 scopulos
411 2755 560 2827 avolsaque
573 2756 678 2812 viscera
692 2756 794 2812 montis

112 2851 204 2924 Erigit
218 2855 344 2908 eructans
356 2850 560 2924 liquefactaque
574 2869 641 2908 saxa
653 2851 706 2908 sub
719 2870 800 2909 auras

112 2949 184 3007 (ium
198 2949 304 3022 gemitu
317 2948 451 3021 glomerat
465 2948 605 3020 fundoque
619 2953 762 3006 exaestuat
775 2950 839 3006 imo.

112 3046 199 3103 Fama
212 3050 255 3103 est
268 3045 402 3102 Enceladi
415 3045 578 3102 semiustum
592 3045 709 3102 fulmine
722 3064 819 3119 corpus

112 3143 213 3216 Urgeri
226 3142 298 3200 mole
312 3142 372 3212 hac,
386 3143 582 3214 ingentemque
596 3143 707 3214 insuper
720 3144 841 3200 Aetnam

112 3239 275 3312 Impositam
289 3239 377 3311 ruptis
391 3238 531 3296 flammam
546 3238 669 3311 expirare
683 3239 805 3309 caminis,

95 3335 141 3392 Et
151 3338 259 3396 fessum
275 3336 407 3412 quotiens
420 3343 513 3396 mutet
525 3336 610 3410 latus,
623 3337 770 3394 intremere
782 3354 891 3394 omnem
