2136 3660
111 197 143 244 40
368 196 396 246 P.
417 195 561 249 VERGILI
579 199 737 251 MARONIS

109 334 241 408 Implevit
256 335 371 394 clamore
384 337 482 394 locum.
526 335 583 394 Vix
596 356 684 410 pauca
697 339 801 396 furenti

109 431 220 489 Subicio
234 439 262 489 et
275 433 344 489 raris
358 433 487 491 turbatus
501 434 614 492 vocibus
628 435 721 494 hisco:

110 529 199 586 ‘Vivo
213 530 346 602 equidem,
363 531 506 604 vitamque
521 537 645 590 extrema
658 551 707 606 per
720 534 795 590 omni
810 534 899 607 duco;
969 559 1006 600 ³1⁵

108 625 153 682 Ne
167 626 271 698 dubita,
287 644 352 684 nam
365 646 431 685 vera
444 629 527 686 vides

109 722 180 793 Heu,
197 723 258 795 quis
272 728 301 781 te
314 742 392 782 casus
407 725 540 783 deiectam
554 727 668 800 coniuge
681 733 761 784 tanto

108 820 227 893 Excipit,
244 825 293 877 aut
306 839 376 894 quae
391 820 474 894 digna
487 823 555 880 satis
569 823 681 880 fortuna
693 824 809 882 revisitl

107 917 235 975 Hectoris
249 918 440 975 Andromache
455 919 573 990 Pyrrhin
587 920 705 977 conubia
717 939 810 978 servas
819 921 844 978 l'

106 1013 215 1072 Deiecit
228 1016 336 1073 voltum
350 1022 379 1073 et
393 1017 512 1074 demissa
524 1034 591 1074 voce
604 1017 697 1075 locuta
710 1022 771 1076 est:
964 1045 1004 1083 320

110 1110 147 1167 ‘0
161 1110 229 1168 felix
242 1130 298 1168 una
311 1117 376 1169 ante
390 1113 458 1168 alias
472 1112 610 1170 Priameia
622 1113 708 1186 virgo,

107 1207 246 1265 Hostilem
260 1208 297 1265 ad
310 1208 450 1265 tumulum
464 1208 560 1266 Troiae
573 1209 626 1266 sub
639 1211 783 1267 moenibus
796 1209 861 1267 altis

106 1305 186 1362 Iussa
198 1305 276 1376 mori,
292 1324 362 1378 quae
376 1307 491 1362 sortitus
505 1324 560 1363 non
573 1307 690 1379 pertulit
703 1307 775 1364 ullos

105 1401 165 1459 Nec
178 1402 290 1459 victoris
305 1402 344 1458 cri
358 1403 452 1475 tetigit
467 1402 577 1474 captiva
590 1403 697 1462 cubile!

105 1498 164 1555 Nos
178 1499 269 1571 patria
281 1499 392 1556 incensa
405 1499 514 1556 diversa
529 1518 578 1572 per
591 1519 709 1574 aequora
722 1507 817 1558 vectae
961 1527 999 1566 ³2⁵

105 1595 206 1668 Stirpis
219 1595 360 1654 Achilleae
373 1597 462 1654 fastus
476 1598 659 1671 iuvenemque
672 1599 830 1672 superbum,

104 1693 223 1751 Servitia
237 1695 340 1765 enixae,
351 1695 491 1771 ,tulimus3
512 1696 560 1768 qui
575 1696 672 1753 deinde
683 1700 793 1754 secutus

103 1790 240 1848 Ledaeam
254 1791 423 1850 Hermionen
437 1792 719 1865 Lacedaemoniosque
733 1793 897 1864 hymenaeos

103 1887 151 1944 Me
163 1888 268 1945 famulo
282 1888 469 1962 famulamque
484 1889 591 1946 Heleno
605 1890 760 1946 transmisit
774 1889 937 1947 habendam.

102 1984 157 2040 Ast
170 1984 250 2040 illum
263 1991 371 2057 ereptae
385 2003 485 2058 magno
498 1986 656 2042 flammatus
671 2003 762 2045 amore
959 2013 999 2052 ³30

103 2078 235 2152 Coniugis
248 2085 277 2137 et
291 2082 424 2137 scelernm
438 2082 518 2137 furiis
532 2082 655 2154 agitatus
670 2082 781 2140 Orestes

101 2176 214 2248 Excipit
228 2176 370 2232 incautum
383 2177 542 2249 patriasque
556 2178 703 2235 obtruncat
717 2179 754 2235 ad
767 2196 836 2236 ares.

102 2272 195 2328 Morte
209 2271 386 2344 Neoptolemi
400 2291 545 2345 regnorum
559 2275 668 2332 reddita
682 2277 764 2333 cessit

102 2369 170 2426 Pars
185 2368 300 2440 Heleno,
317 2369 365 2441 qui
380 2368 517 2427 Chaonios
531 2373 690 2445 cognomine
705 2391 815 2445 campos

101 2466 307 2539 Chaoniamque
321 2484 429 2523 omnem
444 2468 562 2525 Troiano
575 2486 593 2525 a
606 2468 717 2526 Chaone
732 2469 811 2540 dixit,
957 2495 996 2534 ³³⁵

102 2564 288 2636 Pergamaque
302 2563 470 2637 Iliacamque
484 2566 555 2638 iugis
568 2566 639 2622 hanc
653 2565 762 2622 addidit
775 2583 871 2637 arcem,

103 2661 179 2730 Quae
192 2661 246 2717 tibi
259 2660 315 2717 iam
330 2661 452 2718 Troia—

102 2757 157 2814 Sed
170 2756 223 2813 tibi
237 2757 285 2828 qui
299 2775 408 2813 cursum
422 2758 506 2828 venti,
523 2776 593 2831 quae
605 2759 665 2816 fata
678 2745 795 2816 dederet

100 2854 160 2911 Aut
174 2854 300 2926 quisnam
314 2854 440 2926 ignarum
453 2855 555 2911 nostris
569 2856 636 2912 deus
650 2855 757 2928 appulit
771 2854 844 2912 orisl

102 2949 177 3018 quid
189 2968 257 3022 puer
269 2950 424 3007 Ascaniusl
445 2956 591 3022 superatne
605 2956 634 3008 et
647 2952 769 3008 vescitur
782 2951 869 3009 aurai
955 2977 996 3018 ³40

102 3044 197 3118 Ecqua
211 3051 305 3103 tamen
318 3065 403 3119 puero
417 3051 459 3103 est
473 3047 590 3104 amimae
603 3065 670 3104 cura
682 3049 823 3120 parentisl

102 3142 208 3215 Ecquid
222 3143 252 3200 in
265 3143 409 3215 antiquam
422 3144 557 3201 virtutem
571 3145 730 3218 animosque
743 3146 832 3204 virilis

102 3239 140 3296 Et
154 3244 232 3312 pater
245 3239 352 3296 Aeneas
367 3246 395 3296 et
409 3241 561 3298 avunculus
575 3242 679 3300 excitat
693 3243 798 3301 Hector
807 3243 831 3301 l’
