2136 3660
383 231 559 286 rnunmos
576 232 642 285 LIB.
662 230 697 284 11.
714 278 715 281 ,
958 229 990 282 25

100 372 219 448 Extulit
234 378 264 433 et
277 375 351 434 eaelo
364 374 470 450 palmes
484 393 548 433 eum
561 392 628 433 voee
642 373 780 433 tetendit:

100 470 244 544 ‘Iuppiter
257 472 437 546 omnipotens,
453 471 580 544 precibus
593 471 619 529 si
630 471 749 529 flecteris
762 469 834 541 ullis,

97 566 199 640 Aspice
212 585 261 627 nos
274 568 326 627 hoe
340 573 469 641 teutum3
482 573 519 640 et,
535 568 559 625 si
573 569 677 641 pietate
690 585 834 638 meremur,
951 580 991 628 ⁶90

97 663 143 720 Du
156 663 255 722 deinde
267 665 409 736 auxilium,
426 664 517 736 Peter,
533 670 617 737 utque
630 664 697 722 haee
711 664 803 722 omine
816 665 910 724 firmu'

176 759 234 818 Vix
247 778 280 818 ee
293 761 368 818 sutus
381 766 442 819 erat
455 760 553 833 senior,
568 761 715 834 subitoque
728 761 836 834 fragore

95 855 225 914 Intonuit
237 856 354 927 laevom,
367 862 397 914 et
410 856 445 914 de
459 857 533 915 eaelo
546 855 624 930 lapsu
636 875 685 930 per
697 858 810 916 umbras

94 951 185 1010 Stella
197 952 284 1010 facem
299 952 401 1011 dueens
414 954 505 1011 multu
518 943 656 1012 eum'luee
670 954 798 1012 cucurrit.

93 1047 185 1121 iilum,
201 1067 310 1106 summa
322 1067 404 1123 super
416 1049 556 1107 lubentem
570 1049 691 1107 eulmine
703 1050 780 1122 teeti,
947 1069 986 1121 σς,

93 1146 240 1204 Cernimus
253 1130 339 1204 Idaea
352 1146 453 1204 clarem
466 1163 496 1204 se
509 1146 624 1204 eondere
638 1146 709 1204 silve

93 1241 309 1316 signantemque
322 1242 401 1314 vius3
421 1246 483 1299 tum
495 1241 578 1316 lenge
591 1242 681 1300 limite
694 1243 786 1302 sulcus
909 1296 911 1301 ,

91 1338 152 1397 Det
164 1339 261 1412 lucem,
277 1345 307 1397 et
319 1339 376 1396 lete
390 1339 492 1398 eireurn
505 1338 566 1398 loes
577 1340 690 1415 sulpure
702 1341 819 1400 fumant

90 1518 206 1572 ees-729.
222 1520 356 1583 Heronem
366 1520 487 1572 Auchetae
496 1527 603 1574 emera
613 1523 698 1586 tofles.
729 1525 748 1574 Ι
754 1538 829 1588 eum-y
836 1523 892 1576 erm
899 1540 930 1576 ou
940 1541 984 1592 my

153 1600 276 1662 sumtum,
282 1601 402 1664 followed
413 1602 443 1664 by
453 1603 530 1653 Iulus
540 1604 594 1653 und
605 1605 705 1655 Creusa.

88 1731 146 1791 Hie
158 1749 224 1791 vero
236 1733 328 1790 vietus
341 1733 450 1806 genitor
462 1749 492 1790 se
505 1732 581 1790 tollit
594 1733 630 1790 sd
643 1751 731 1805 eures,

86 1828 263 1903 Adfaturque
276 1829 341 1887 deos
354 1833 383 1886 et
396 1833 522 1886 sunctum
536 1828 613 1887 sidus
626 1829 740 1889 adoret:
944 1856 983 1897 ,ω

89 1925 168 1983 ‘Iam
181 1925 237 1983 ism
251 1925 329 1982 nulls
342 1927 464 2000 merust3
483 1942 582 1998 sequor
595 1929 632 1997 et,
648 1943 704 1999 qus
717 1926 826 2000 ducitis,
840 1924 947 2003 adsum,

86 2022 127 2082 Di
139 2022 244 2097 putrii3
263 2026 371 2080 servste
385 2022 505 2095 domum,
520 2027 628 2082 servate
641 2028 788 2098 nepotem3

85 2120 219 2179 Vestrum
232 2118 285 2176 hoe
298 2117 452 2191 augurium,
467 2123 614 2193 vestroque
627 2119 657 2177 in
670 2121 783 2179 numine
797 2115 912 2181 Treiast

87 2215 164 2275 Oedo
177 2214 304 2289 equidem
319 2233 376 2287 nee,
391 2219 464 2287 nate,
481 2215 535 2274 tibi
548 2234 638 2275 eomes
652 2217 692 2275 ire
705 2219 817 2278 retuso.³

86 2311 205 2370 Dixerat
217 2311 272 2383 ille,
288 2311 449 2384 etiumper
461 2312 569 2370 moenie
582 2313 679 2371 clarior
692 2314 764 2388 ignis
943 2340 982 2382 ,οε

85 2408 217 2480 Auditur,
232 2407 398 2482 propiusque
411 2412 504 2466 aestus
517 2408 644 2468 incendis
656 2411 781 2473 volvunt.

89 2504 180 2578 ‘Ergo
192 2522 251 2578 ege,
266 2522 328 2562 eure
340 2509 427 2577 peter,
444 2506 543 2564 eerviei
556 2505 686 2580 inponere
700 2513 828 2581 uestrae3

86 2599 152 2675 Ipse
164 2600 263 2658 subibo
276 2601 387 2674 umeris,
402 2619 453 2658 nee
465 2618 510 2659 me
523 2601 602 2660 labor
614 2603 668 2660 iste
681 2605 828 2677 gruvubit;

86 2698 149 2769 Quo
161 2715 205 2756 res
219 2715 335 2770 eumque
348 2697 455 2768 cedent,
471 2716 557 2756 unum
571 2705 600 2757 et
614 2718 758 2759 commune
771 2702 911 2776 periclum,

86 2794 153 2853 Una
166 2794 241 2852 sulus
254 2793 388 2852 ambobus
401 2794 473 2853 erit:
493 2795 562 2852 mihi
575 2813 677 2868 parvus
692 2797 771 2856 Inlue
943 2824 981 2860 ,ιο

85 2889 132 2950 Sit
145 2907 243 2962 eomes,
259 2895 289 2948 et
302 2890 382 2964 longe
396 2896 487 2950 servet
500 2892 618 2966 vestigia
632 2893 758 2954 coniunx.

84 2986 152 3059 Ver,
167 2985 273 3058 famuli,
288 3004 359 3059 quae
372 2987 471 3061 dieenu
485 2988 585 3047 animis
598 2989 736 3048 advertite
748 2991 867 3050 vestris:

84 3082 139 3142 Fut
152 3082 221 3142 urbe
234 3083 349 3155 egressis
363 3085 488 3143 tumulus
501 3085 691 3159 templumque
703 3091 847 3145 vetustum

52 3232 58 3236 .
84 3178 220 3238 Desertae
235 3178 342 3237 Cereris
355 3179 488 3254 iuxtaque
500 3182 617 3255 antiqua
631 3200 774 3256 cupressus

84 3274 354 3350 Religionepetmm
368 3275 471 3335 multos
484 3284 595 3336 servate
605 3296 654 3352 per
667 3296 792 3338 annosz·
942 3303 981 3345 m

84 3370 168 3431 Hune
182 3388 217 3430 ex
231 3371 339 3429 diverse
351 3370 445 3431 sedem
458 3374 600 3434 veniemus
614 3375 644 3432 in
657 3392 748 3433 unum.
