2136 3660
94 206 125 254 80
355 204 383 256 P.
402 203 545 255 VERGILI
563 203 721 257 Mlaouls

93 344 270 402 Horrendum
285 348 313 401 et
327 344 405 400 dictu
419 343 500 401 video
513 344 640 401 mirabile
653 348 815 406 monstrum.

92 441 121 499 N
122 459 175 513 arn,
191 459 261 515 quae
275 441 365 514 prima
379 440 437 498 solo
451 440 541 513 ruptis
554 441 693 498 radicibus
707 441 788 503 arbos
816 457 821 465 ·

91 539 219 610 Vellitur,
236 539 300 596 huic
314 543 375 595 atro
388 537 535 611 liquuntur
548 539 680 611 sanguine
693 528 792 611 guttae

91 635 130 692 Et
144 641 245 692 terram
259 637 325 692 tabo
339 636 487 693 maculant.
531 635 606 693 Mihi
620 635 736 708 frigidus
750 634 847 692 horror

91 732 219 790 Membra
231 733 331 804 quatit,
347 731 507 804 gelidusque
521 732 577 789 coit
591 731 736 788 formidine
750 732 869 804 sanguia
947 797 949 802 ,
964 757 990 796 aa

91 828 198 885 Rursus
209 833 237 885 ot
252 827 366 885 alterius
379 827 487 885 lentum
502 827 653 885 convellere
667 828 760 884 vimen

91 925 225 996 Insequor
238 930 267 982 et
280 942 376 981 causas
389 924 501 998 penitus
515 928 652 996 temptare
665 923 799 983 latentis:

90 1020 160 1078 Ater
174 1026 202 1078 et
216 1021 330 1078 alterius
344 1021 471 1093 sequitur
484 1021 518 1077 de
532 1021 633 1077 cortice
647 1021 766 1093 sanguis.

91 1116 184 1174 Multa
197 1136 310 1176 movens
324 1118 416 1174 animo
430 1116 578 1189 Nymphas
592 1117 743 1174 venerabar
756 1118 873 1189 agrestis

92 1213 296 1286 Gradivumque
311 1219 427 1286 patrem,
441 1213 547 1271 Geticis
561 1214 610 1285 qui
623 1215 762 1286 praesidet
775 1216 858 1286 arvis,
968 1246 992 1285 35

92 1309 157 1367 Rite
171 1309 353 1368 secundarent
366 1310 443 1368 visus
457 1328 592 1382 omenque
605 1310 737 1369 levarent.

91 1406 185 1463 Tertia
198 1406 246 1464 sed
259 1412 408 1479 postquam
422 1407 524 1463 maiore
538 1406 651 1463 hastilia
663 1408 727 1464 nisu

91 1502 245 1576 Adgrediar
258 1503 428 1576 genibusque
442 1503 572 1561 adversae
586 1503 712 1561 obluctor
724 1503 850 1576 harenae,
889 1539 895 1544 -

91 1595 226 1675 (Eloquar
239 1618 275 1656 an
288 1600 384 1657 sileam
394 1597 416 1676 l)
431 1601 551 1672 gemitus
564 1600 743 1658 lacrimabilis
757 1602 814 1658 imo

89 1695 213 1753 Auditur
226 1696 342 1768 tumulo,
358 1700 387 1754 et
401 1715 456 1754 vox
469 1695 579 1754 reddita
592 1697 681 1754 fertur
694 1697 731 1754 ad
744 1699 836 1757 aruis:
900 1743 902 1746 >
962 1724 989 1764 40

92 1793 184 1862 ‘Quid
197 1794 336 1865 miserum,
353 1793 455 1865 Aenea,
471 1793 595 1851 laceras?
615 1795 671 1850 iam
684 1812 765 1866 parce
778 1795 895 1868 sepulto,

90 1889 175 1947 Parce
187 1891 247 1963 pias
261 1890 391 1948 scelerare
405 1909 521 1949 manus:
542 1908 598 1947 non
611 1909 656 1947 me
669 1891 723 1948 tibi
736 1891 820 1950 Troia

90 1985 243 2044 Externum
258 1986 325 2043 tulit
339 1992 388 2043 aut
402 2005 481 2044 cruor
494 1987 539 2044 hic
554 1987 588 2044 de
601 1988 697 2060 stipite
712 1993 807 2045 manat

90 2079 169 2158 (Heu
182 2082 246 2154 fuge
260 2082 377 2140 crudelis
391 2087 486 2154 terras,
503 2083 567 2156 fuge
580 2084 649 2141 litus
663 2082 810 2163 avarum):

89 2178 164 2235 Nam
178 2177 331 2248 Polydorus
345 2195 402 2251 ego.
446 2178 503 2236 Hic
517 2180 654 2238 confixum
668 2180 757 2239 ferrea
769 2183 843 2240 texit
962 2207 988 2249 as

89 2275 217 2332 Telorum
231 2293 308 2347 seges
322 2279 350 2332 et
364 2275 461 2333 iaculis
474 2276 592 2334 increvit
605 2279 711 2337 acutis)

89 2370 161 2427 Tum
174 2388 239 2427 vero
252 2371 367 2444 ancipiti
381 2377 502 2430 mentem
516 2372 663 2431 formidine
676 2393 786 2447 pressus

90 2465 220 2540 Obstipui
233 2471 424 2542 steteruntque
438 2486 531 2528 comae
545 2475 574 2527 et
587 2488 643 2527 vox
655 2470 782 2528 faucibus
795 2470 893 2531 haesit
980 2496 981 2499 ¹

91 2643 173 2693 49-68.
197 2644 247 2694 rae
263 2648 329 2705 story
343 2647 373 2705 of
385 2644 529 2706 Polydorus.
569 2645 613 2695 We
629 2645 691 2707 turp
702 2644 742 2695 bia
758 2647 877 2708 ramira,
891 2647 945 2698 aad
959 2661 990 2712 po

155 2739 188 2773 oo
198 2739 246 2773 our
256 2739 321 2788 wop.

170 2847 254 2905 Hunc
268 2843 437 2919 Polydorum
451 2850 511 2906 auri
525 2850 664 2922 quondam
679 2869 741 2909 cum
755 2853 874 2926 pondere
887 2871 990 2928 magno

90 2943 192 3000 Infelix
206 2943 333 3002 Priamus
347 2945 444 3002 furtim
458 2946 603 3004 mandarat
617 2946 746 3005 alendum
963 2977 990 3017 ,ο

90 3039 215 3096 Threicio
229 3041 294 3113 regi,
311 3059 374 3098 cum
387 3042 444 3098 iam
458 3041 595 3100 diffideret
608 3043 692 3100 armis

89 3135 247 3193 Dardaniae
261 3138 388 3210 cingique
402 3137 499 3196 urbem
513 3139 654 3198 obsidione
668 3142 782 3201 videret

89 3231 149 3303 Ille,
165 3236 199 3289 ut
212 3250 277 3304 opes
290 3233 394 3292 fractae
408 3235 551 3308 Teucrum,
568 3242 597 3294 et
611 3237 735 3295 Fortuna
748 3240 868 3312 recessit,

72 3325 135 3381 Bas
145 3327 387 3400 Agamemnonias
402 3332 582 3409 victriciaque
595 3353 673 3393 arma
685 3342 803 3406 secutus,
