2136 3660
377 217 552 270 susumus
571 218 636 272 LlB.
658 220 693 272 11.
956 221 989 271 23

90 354 164 414 (lum
176 355 249 413 ferro
262 355 379 414 accisam
393 357 548 430 crebrisque
561 357 726 431 bipennibus
739 357 848 416 instant

90 451 194 510 Emere
208 453 342 525 agricolae
356 454 491 525 certatim,
507 453 557 510 illa
570 472 657 526 usque
671 453 794 511 minetur

89 548 129 606 Et
142 549 305 607 tremefacta
318 568 424 607 comam
438 567 568 608 concisso
581 551 684 608 vertice
698 556 788 622 nutat,

89 645 255 703 Volneribus
269 646 355 704 donec
368 647 504 720 paulatim
517 647 608 704 evicta
620 665 779 719 supremum
797 715 800 721 Ι
839 639 842 645 ’
948 661 988 715 630

89 740 256 815 Congemuit
269 742 410 817 traxitque
423 744 495 816 iugis
508 743 603 801 avolsa
615 743 731 801 ruinam

88 838 240 910 Descende,
257 857 289 896 ac
303 840 420 896 ducente
433 839 484 897 deo
498 840 639 896 flammam
652 840 726 898 iuter
739 844 768 897 et
781 840 869 898 hostis

88 934 247 1008 Expedicr3
267 936 336 993 dant
350 936 407 993 tels
419 936 510 993 locum
523 937 704 1010 flammaeque
718 938 856 996 recedunt

168 1032 262 1105 Atque
275 1033 325 1089 ubi
337 1033 394 1089 iam
407 1032 513 1105 patriae
526 1038 691 1106 perventum
704 1034 740 1091 ad
753 1034 851 1091 limina
864 1034 936 1092 sedis

86 1127 280 1201 Antiquusque
294 1128 397 1200 domos,
413 1129 529 1202 genitor,
543 1148 626 1203 quem
640 1130 736 1188 tollere
749 1131 779 1187 iu
792 1130 864 1189 altos
946 1146 984 1197 ⁶3³

87 1224 228 1298 Optabam
241 1226 361 1298 primurn
375 1227 479 1284 montis
492 1227 666 1300 primumque
679 1228 815 1301 petebam,

86 1321 216 1394 Abnegat
229 1323 320 1380 excisa
332 1323 422 1380 vitam
435 1323 583 1396 producere
597 1324 680 1381 Troia

86 1415 265 1489 Exiliumque
278 1418 345 1490 pati
391 1417 466 1475 ‘Vos
479 1437 503 1491 0,
520 1420 621 1491 quibus
634 1420 741 1492 integer
754 1421 816 1478 aevi

87 1511 223 1586 sangun’
238 1515 286 1586 ait,
305 1514 476 1587 ‘solidaeque
490 1533 540 1573 suc
554 1520 632 1574 stant
645 1516 741 1575 robure
754 1516 834 1590 vires,

86 1608 145 1666 Vos
158 1609 263 1682 aptate
277 1610 379 1683 fugam
946 1629 985 1678 ao

86 1706 135 1764 Me
148 1706 173 1764 si
187 1706 329 1764 caelicolae
342 1706 494 1765 voluissent
508 1705 606 1766 ducere
620 1708 717 1780 vitam,

85 1802 148 1860 Has
161 1802 231 1859 mihi
244 1807 400 1861 servassent
413 1803 498 1861 sedes.
539 1802 614 1861 Satis
627 1821 684 1861 una
696 1822 832 1877 superque

84 1897 215 1957 Vidimus
228 1900 335 1958 excidia
347 1904 377 1957 et
390 1905 486 1972 captae
500 1900 689 1972 superavimus
703 1901 774 1960 urbi

86 1994 133 2054 Sic
146 2014 163 2053 c
176 1997 216 2054 sic
229 1998 351 2069 positum
364 1997 453 2054 adfati
467 1997 599 2056 discedite
613 2016 729 2071 cerpus:

84 2091 149 2166 Ipse
163 2111 248 2150 menn
260 2098 378 2151 mortem
391 2095 549 2168 inveniam3
569 2095 745 2154 miserebitur
757 2096 847 2156 bostis
944 2113 982 2163 ⁶43

85 2187 263 2263 Exuviasque
276 2195 371 2263 petet:
392 2191 482 2249 facilis
497 2192 604 2248 iactura
617 2192 760 2265 sepulchri.

85 2285 147 2343 Iam
160 2286 267 2359 pridem
280 2287 387 2344 inrisus
400 2287 473 2344 divis
487 2293 516 2345 et
530 2289 638 2346 inutilis
651 2307 737 2347 annos

84 2382 226 2454 Demmcr,
243 2400 277 2439 ex
290 2400 346 2455 quc
359 2401 403 2440 me
417 2383 510 2441 divom
526 2383 612 2441 Pater
625 2389 709 2457 atque
723 2384 867 2443 hominum
880 2405 929 2445 rex

85 2477 222 2535 Fulminis
236 2478 352 2536 adflavit
365 2480 458 2536 ventis
472 2484 501 2536 et
515 2479 632 2552 contigit
646 2479 718 2552 igni’

164 2574 243 2631 Talia
256 2574 398 2648 perstabat
411 2593 574 2647 memorans,
589 2575 715 2648 fixusque
728 2577 867 2638 manebat.
942 2592 982 2643 ⁶50

84 2671 144 2728 Nos
157 2676 254 2728 contra
268 2671 347 2729 effini
360 2671 482 2729 lacrimis
496 2672 670 2745 coniunxque
684 2672 788 2732 Creusa

83 2767 272 2841 Ascaniusque
286 2768 429 2841 omnisque
442 2768 547 2840 domus,
563 2787 599 2827 ne
611 2775 718 2828 vertere
728 2788 822 2828 secum

82 2863 193 2923 (iuncta
205 2871 284 2938 pater
297 2864 410 2938 fatoque
424 2865 553 2937 urguenti
567 2865 725 2924 incumbere
738 2867 830 2925 vellet

82 2960 220 3034 Abnegat,
236 2962 400 3035 inceptoque
413 2967 443 3020 et
456 2962 567 3019 sedibus
580 2961 676 3020 haeret
689 2962 719 3019 in
732 2963 827 3021 isdem

82 3055 191 3114 Rursus
204 3057 234 3113 in
247 3074 325 3114 arms
338 3058 417 3130 feror,
433 3063 605 3131 mortemque
618 3059 787 3117 miserrimus
801 3066 885 3133 opto:
944 3075 982 3128 e„

82 3152 156 3212 Nam
172 3153 245 3226 quod
259 3154 404 3211 consilium
417 3159 467 3211 aut
480 3172 551 3227 quae
564 3155 621 3211 iam
634 3154 746 3213 fortuna
759 3156 898 3218 debeturl

83 3251 168 3308 ‘Meu
181 3251 277 3308 efferre
289 3250 395 3323 pedem,
410 3251 526 3324 genitor,
542 3256 571 3310 te
584 3269 663 3324 posse
676 3252 773 3311 relicto

81 3346 214 3422 sperasti,
230 3352 397 3420 tantumque
410 3347 488 3406 nefas
501 3347 593 3422 patrio
607 3348 710 3407 excidit
723 3349 791 3408 orel
