2136 3660
87 215 103 266 s
350 211 378 264 r.
398 171 540 263 rnncrar
557 212 713 264 unaorrs

88 355 137 413 sin
150 353 278 412 manibus
291 353 391 411 vestris
405 358 526 411 vestram
541 353 708 410 ascendisset
721 353 751 409 in
763 352 868 423 urbem,

87 452 170 509 Ultro
184 451 281 508 Asiam
294 469 394 523 magno
410 450 528 523 Pelopea
541 449 577 506 ad
590 449 698 507 moenia
711 448 784 506 bello

86 548 247 619 Venturam,
264 554 293 606 et
307 554 415 605 nostros
429 565 462 605 ea
475 548 536 605 fata
549 565 660 605 manere
673 547 804 620 nepotes)

165 645 279 702 Talibus
292 645 400 702 insidiis
413 644 570 718 periurique
583 649 643 701 alle
657 644 768 701 Sinonis
942 665 978 705 193

87 741 200 798 Credita
212 751 264 814 res',
280 742 409 814 captique
422 741 493 798 dolis
506 741 680 813 lacrimisque
694 740 803 811 coactis,

86 837 160 907 Quos
173 856 262 911 neque
276 837 396 911 Tydides
410 856 459 896 nec
473 838 631 896 Larissaeus
645 837 775 908 Achilles,

87 934 116 991 N
118 954 153 992 on
166 935 233 992 anni
247 935 376 992 domuere
390 934 490 1006 decem,
507 952 563 992 nou
575 934 651 991 mille
665 934 780 991 carinae.
839 973 841 983 .

85 1114 199 1165 rae-231.
219 1113 245 1162 A
257 1117 355 1175 alroppa
365 1116 463 1175 portora
473 1111 588 1173 boppone.
628 1111 686 1161 Two
702 1113 859 1173 sao-scrpeats
874 1123 974 1171 appear,

148 1197 240 1244 devorer
252 1194 363 1243 Laocoon
374 1193 427 1242 aad
436 1193 478 1242 bia
488 1197 535 1242 two
545 1208 607 1253 roua,
621 1193 674 1241 ared
684 1190 780 1241 oaamb.

164 1335 220 1392 Hic
234 1333 311 1391 aliud
325 1333 415 1390 maius
428 1331 535 1389 miseris
548 1331 691 1404 multoque
705 1330 878 1388 tremendum

84 1431 210 1488 Obicitur
223 1431 319 1503 magis,
335 1434 419 1501 atque
432 1428 577 1501 inprovida
589 1433 701 1500 pectora
713 1427 817 1484 turbat.

83 1527 216 1598 Laocoon,
233 1526 333 1583 ductus
347 1525 480 1598 Neptuno
493 1529 567 1583 sorte
581 1524 714 1595 sacerdos,

83 1623 229 1683 Sollemuis
242 1628 354 1680 taurum
368 1623 508 1695 ingentem
521 1621 662 1679 mactabat
676 1620 712 1678 ad
725 1637 793 1679 aras.

83 1722 153 1779 Eece
166 1726 260 1778 autem
273 1720 376 1792 gemini
390 1738 407 1776 a
420 1719 529 1777 Tenedo
543 1718 693 1791 tranquilla
706 1736 754 1790 per
767 1717 833 1788 alta,

83 1820 220 1876 Horresco
233 1818 360 1890 referens,
376 1817 508 1874 inmensis
522 1816 634 1873 orbibus
648 1833 750 1888 angues

83 1916 252 1973 Incumbunt
265 1916 368 1988 pelago,
384 1915 541 1987 pariterque
554 1913 591 1970 ad
603 1913 686 1969 litora
699 1912 836 1983 tendunt;
938 1937 975 1976 ως

83 2011 199 2069 Pectora
212 2028 330 2083 quorum
343 2012 416 2067 inter
429 2009 531 2066 fluctus
545 2013 652 2065 arrecta
664 2008 799 2080 iubaeque

83 2107 254 2179 Sanguineas
267 2110 400 2178 superant
414 2105 510 2176 undas,
527 2122 590 2177 pars
605 2111 696 2161 cetera
708 2110 826 2177 pontum

83 2205 157 2261 Pone
171 2204 239 2275 legit
252 2202 399 2274 sinuatque
413 2203 538 2258 inmensa
551 2201 691 2259 volumine
705 2207 789 2274 terga

82 2301 130 2357 Fit
143 2300 250 2357 sonitus
263 2304 409 2372 spumante
422 2298 498 2370 salo;
519 2298 628 2370 iamque
642 2317 709 2356 arva
722 2298 855 2357 tenebant

81 2397 267 2469 Ardentisque
282 2396 374 2454 oculos
387 2396 496 2453 suffecti
509 2396 642 2468 sanguine
656 2402 684 2454 et
698 2396 756 2469 igni
938 2420 976 2451 210

83 2494 171 2551 Sibila
184 2493 344 2550 lambebant
357 2492 459 2565 linguis
472 2493 648 2551 vibrantibus
662 2512 715 2552 ora

82 2589 250 2662 Diffugimus
264 2589 326 2646 visu
341 2607 497 2662 exsangues.
541 2589 590 2646 Illi
603 2591 711 2663 agmine
725 2593 800 2646 certo

82 2685 238 2743 Laocoonta
251 2691 370 2759 petuut3
390 2691 419 2743 et
432 2687 552 2759 primum
565 2705 651 2760 parva
663 2687 781 2744 duorum

82 2781 202 2855 corpora
215 2788 344 2839 natorum
357 2801 468 2855 serpens
482 2784 624 2855 amplexus
637 2788 753 2855 uterque

82 2878 201 2952 Inplioat
215 2885 244 2937 et
257 2880 369 2937 miseros
383 2898 475 2937 morsu
489 2880 644 2953 depascitur
658 2885 754 2953 artus;
934 2908 973 2951 οι,

82 2976 149 3032 Post
163 2977 254 3048 ipsum
267 2978 370 3034 auxilio
384 2978 549 3035 subeuntem
562 2995 593 3033 ae
608 2977 664 3033 tela
677 2977 811 3035 ferentem

83 3073 240 3146 Corripiuut
254 3075 387 3147 spirisque
400 3074 489 3146 ligant
502 3073 677 3146 ingentibus;
698 3079 726 3131 et
740 3075 796 3131 iam

82 3169 130 3226 Bis
143 3169 265 3226 medium
278 3170 405 3241 amplexi,
420 3170 464 3227 bis
478 3168 547 3226 collo
561 3186 691 3240 squamea
704 3171 807 3228 circum

82 3266 169 3338 Terga
182 3266 241 3322 dati
254 3271 384 3338 superant
398 3267 487 3339 eapite
501 3270 530 3322 et
544 3266 694 3323 cervicibus
708 3267 779 3324 altis.

82 3360 134 3419 Ille
148 3361 230 3418 simul
243 3360 370 3418 manibus
385 3361 476 3418 tendit
490 3360 618 3418 divellere
632 3362 717 3420 nodos
934 3386 972 3436 m
