2136 3660
365 195 541 249 AENEIDOS
559 197 624 248 LIB.
645 198 695 249 111.
949 204 978 254 81

85 337 139 395 Fas
153 354 233 396 omne
246 337 405 410 abrumpit;
427 337 595 409 Polydorum
610 337 764 410 obtruncat,
781 344 810 396 et
823 357 890 397 auro
955 366 981 404 ⁵5

83 434 121 491 Vi
135 435 247 507 potitur.
261 467 267 476 ·
289 434 364 504 Quid
377 452 432 491 non
445 435 574 492 mortalia
586 427 791 508 pectora'cogis

83 531 155 589 Auri
168 549 246 589 sacra
258 531 364 590 fumosi
404 523 556 604 Postquam
569 549 655 604 pavor
669 551 730 590 ossa
742 533 863 604 reliquit,

84 627 214 686 Delectos
227 629 323 701 populi
335 629 372 685 ud
385 646 508 701 proceres
522 629 696 701 primumque
709 634 852 702 parentem

83 725 212 782 Monstra
225 725 308 782 deum
320 724 408 782 refero
421 730 451 783 et
463 743 534 799 quae
547 726 586 782 sit
598 727 737 783 sententia
750 744 838 799 posco.

82 822 220 879 Omnibus
233 822 307 880 idem
321 823 437 894 animm,
453 823 585 880 scelerata
598 823 727 880 excedere
740 828 821 894 terre,
956 833 981 874 ⁶0

82 918 186 991 Linqui
199 919 336 992 pollutum
351 919 504 992 hospitium
517 923 546 977 et
560 921 625 977 dare
639 920 772 977 classibus
786 925 900 978 amtrou

82 1015 157 1088 Ergo
171 1015 357 1073 instauramus
371 1016 508 1087 Polydoro
521 1016 623 1075 funus:
643 1022 673 1074 et
686 1016 782 1089 ingens

81 1112 234 1186 Aggeritur
247 1113 356 1170 tumido
370 1114 452 1171 tellus
465 1135 472 1180 ;
492 1118 570 1170 stant
584 1113 715 1171 Manibus
728 1131 792 1171 arae

83 1208 224 1267 Caeruleis
237 1213 359 1266 maestae
372 1210 453 1266 vittis
466 1214 581 1282 atraque
595 1228 729 1282 cupresso,

82 1306 122 1364 Et
135 1306 238 1364 circum
252 1306 354 1363 iliades
368 1306 470 1363 crinem
484 1306 607 1364 demere
621 1307 746 1381 solutae3

81 1403 232 1461 inferimus
246 1403 339 1475 tepido
353 1404 512 1475 spumantia
525 1404 634 1475 cymbia
646 1404 718 1461 lacte

82 1499 231 1572 Sanguinis
245 1504 274 1556 et
287 1500 357 1556 sacri
369 1504 487 1572 peteras,
503 1501 679 1574 animamque
693 1499 838 1572 sepulchro

82 1594 234 1654 Oondimus
247 1600 277 1652 et
289 1613 391 1668 magna
403 1613 562 1668 supremum
576 1613 642 1654 voce
656 1596 767 1655 oiemus.

82 1822 166 1872 69-83.
193 1822 237 1870 We
247 1821 299 1870 soil
309 1825 333 1870 to
344 1819 425 1880 Delos,
440 1821 493 1869 ond
503 1822 561 1870 utut
572 1819 644 1882 Kioq
654 1820 742 1870 Anius
752 1818 824 1869 ibere.

80 1951 158 2024 Inde,
175 1952 224 2008 ubi
236 1952 327 2025 prima
339 1951 408 2010 fides
421 1951 517 2026 pelago
530 1951 692 2024 placataque
705 1951 784 2008 uenti

80 2047 160 2107 Dant
173 2048 260 2106 maria
273 2053 303 2106 et
315 2049 385 2106 lenis
399 2049 536 2122 crepitans
549 2054 631 2107 vocat
643 2048 748 2106 Auster
761 2047 791 2105 in
804 2047 901 2120 altum,

81 2146 234 2204 Deduount
247 2146 314 2203 socii
327 2146 407 2203 naris
421 2151 450 2204 et
463 2146 546 2203 litora
560 2147 705 2219 complent

82 2241 265 2300 Provehimur
277 2247 361 2314 portu
374 2247 516 2315 terraeque
529 2243 665 2315 urbesque
678 2243 815 2302 recedunt

163 2337 249 2395 Sacra
262 2338 332 2395 mari
346 2337 446 2395 colitur
460 2339 550 2395 medio
563 2339 721 2411 gratissima
734 2340 817 2396 tellus

81 2434 234 2492 Nereidum
248 2434 332 2490 matri
345 2438 375 2491 et
388 2433 521 2506 Neptuno
534 2435 651 2506 Aegaeo,

82 2530 173 2601 Quam
186 2531 249 2603 pius
262 2529 449 2602 Arquitenens
463 2548 524 2588 oras
538 2536 567 2588 et
580 2531 663 2587 litora
676 2530 779 2587 circum

81 2627 228 2685 Errantem
243 2626 362 2697 Mycono
376 2645 391 2684 e
405 2627 477 2684 celsa
491 2626 637 2699 Gyaroque
650 2626 771 2684 revinxit

81 2723 287 2796 Immotumque
301 2723 354 2780 coli
368 2723 446 2780 dedit
459 2728 489 2780 et
503 2728 676 2781 contemnere
689 2727 795 2781 uentos.

82 2820 148 2878 Huc
161 2820 252 2893 feror;
272 2820 340 2878 haec
353 2820 439 2877 sessos
453 2823 516 2876 tuto
528 2819 716 2892 placidissima
728 2824 811 2892 portu

81 2916 199 2989 Accipit
240 2914 352 2987 Egressi
364 2932 527 2973 veneramur
539 2915 678 2987 Apollinis
692 2915 795 2972 urbem

83 3013 145 3072 Rex
159 3012 256 3082 Anius,
273 3029 322 3068 rex
335 3011 408 3069 idem
423 3010 567 3068 hominum
582 3010 743 3083 Phoebique
755 3008 888 3080 sacerdos,

83 3109 174 3168 Vittis
188 3112 217 3165 et
231 3125 309 3165 sacra
321 3108 467 3166 redimitus
482 3112 606 3181 tempora
619 3108 704 3178 lauro,

83 3205 229 3276 Occurrit3
249 3209 371 3261 ueterem
384 3203 525 3262 Anchisen
539 3205 682 3278 adgnoscit
695 3203 821 3261 amicum.

83 3302 230 3376 Iungimus
244 3286 363 3374 hospitio
378 3300 496 3374 dextras,
512 3307 542 3360 et
555 3307 630 3359 tecta
643 3301 779 3359 subimus
