2136 3660
368 204 543 257 AENEIDOS
559 205 625 258 LIB.
646 206 681 258 11.
960 209 974 262 ⁷

87 343 200 395 lca-19⁸„
220 343 260 394 He
266 343 388 407 erasm
398 346 421 392 tc
429 343 531 406 aptata
541 345 569 405 tt,
580 345 633 393 aad
643 358 716 408 serpes
723 359 755 396 ac
765 349 788 395 tc
795 347 883 396 receive
894 346 978 397 etatae

148 425 189 476 aa
198 425 249 487 city
259 439 288 474 aa
298 439 316 473 a
326 425 412 473 second
422 425 580 475 Palladiam

86 562 184 622 Omnis
197 580 260 636 spes
274 561 404 620 Danaum
418 565 447 619 et
461 561 551 634 coepti
563 561 665 619 fiducia
677 563 744 621 belli

84 659 206 718 Palladis
219 659 330 717 auxiliis
344 677 451 732 semper
463 659 551 718 stetit
595 659 702 732 Impius
716 678 750 718 ex
764 679 818 734 quo

84 757 204 829 Tydides
217 757 266 813 sed
280 757 354 814 enim
367 756 554 829 scelerumque
567 756 695 814 inventor
709 757 808 816 Ulixes

83 853 181 911 Fatale
194 853 316 926 adgressi
329 858 436 910 sacrato
450 853 567 910 avellere
580 853 685 927 templo
940 869 978 920 165

82 949 241 1008 Palladium
255 949 341 1006 caesis
354 966 479 1006 summae
493 949 654 1006 custodibus
668 950 738 1008 arcis

82 1047 247 1120 corripuere
261 1064 367 1104 sacram
381 1046 507 1119 effigiem,
524 1047 705 1120 manibusque
719 1049 838 1106 eruentis

81 1144 228 1218 Virgineus
242 1143 302 1200 ausi
315 1143 396 1200 divae
410 1143 675 1216 contingerentur,

81 1241 127 1299 Ex
140 1241 189 1298 illo
202 1241 286 1298 fluere
300 1258 332 1297 ac
344 1245 419 1298 retro
432 1241 562 1314 sublapsa
575 1242 670 1299 referri

82 1339 151 1412 Spes
165 1337 302 1408 Danaum,
318 1337 421 1394 fractae
434 1337 514 1410 vires,
530 1355 627 1396 aversa
640 1338 707 1396 deae
721 1357 806 1396 mens.
941 1365 980 1403 170

81 1435 142 1494 Nec
156 1434 248 1493 dubiis
262 1452 295 1492 ea
308 1434 386 1506 signa
400 1433 480 1491 dedit
494 1434 620 1492 Tritonia
633 1435 770 1493 monstris.

21 1580 25 1589 .
80 1533 139 1590 Vix
151 1531 273 1605 positum
287 1531 384 1588 cestris
400 1530 585 1603 simulacrum,
601 1549 691 1589 arsere
705 1549 830 1589 coruscae

81 1628 247 1688 Luminibus
260 1628 388 1686 flammae
402 1629 524 1699 arrectis,
541 1628 683 1700 salsusque
696 1646 745 1701 per
758 1633 835 1686 artus

81 1726 173 1786 Sudor
185 1725 227 1797 iit,
243 1730 340 1798 terque
353 1724 414 1796 ipsa
427 1724 492 1795 solo,
508 1723 635 1781 mirabile
649 1724 734 1795 dictu,

80 1822 205 1882 Emicuit
218 1837 396 1895 parmamque
410 1820 500 1877 ferens
514 1820 678 1892 hastamque
691 1823 863 1878 trementem
941 1845 978 1886 ης

81 1918 231 1991 Extemplo
245 1916 411 1990 temptanda
424 1916 490 1990 fuga
503 1916 579 1974 canit
592 1933 710 1988 aequora
723 1916 847 1990 Calchas,

81 2014 112 2073 N
112 2033 144 2073 ec
156 2032 236 2088 posse
249 2014 386 2086 Argolicis
400 2013 523 2072 exscindi
536 2013 671 2086 Pergama
684 2013 754 2087 telis,

84 2111 187 2169 Omina
199 2111 230 2168 ni
243 2115 370 2184 repetant
383 2110 475 2184 Argis,
491 2128 648 2184 numenque
661 2111 802 2183 reducant,

83 2207 165 2278 Quod
177 2208 274 2281 pelago
288 2212 317 2266 et
330 2208 422 2265 curris
435 2226 527 2265 secum
540 2226 655 2266 avexere
668 2210 774 2268 carinis

82 2305 122 2364 Et
135 2323 209 2363 nunc
221 2305 295 2377 quod
308 2305 412 2377 patrias
425 2310 509 2363 vento
522 2306 625 2379 petiere
640 2306 778 2378 Mycenas,
937 2320 975 2360 xre

82 2400 171 2458 Arma
184 2399 302 2473 deosque
315 2406 415 2474 parant
428 2401 550 2473 comites,
566 2402 715 2475 pelagoque
729 2420 852 2461 remenso

83 2497 222 2571 Inprovisi
235 2498 370 2557 aderunt:
390 2498 432 2554 ita
445 2498 546 2571 digerit
560 2498 652 2555 omina
666 2498 789 2558 Calchas

84 2595 166 2652 Hanc
179 2612 228 2667 pro
241 2593 367 2652 Palladio
380 2594 488 2666 moniti,
503 2612 553 2667 pro
566 2594 679 2652 numine
692 2594 767 2653 laeso

83 2688 214 2764 Effigiem
225 2694 355 2762 statuere,
371 2690 448 2747 nefas
461 2708 532 2762 quae
545 2691 626 2748 triste
639 2691 735 2764 piaret

84 2787 167 2844 Hanc
179 2790 273 2844 tamen
286 2785 440 2844 inmensam
454 2786 570 2845 Calchas
584 2788 711 2846 attollere
724 2789 825 2848 molem
940 2804 977 2854 1⁸5

83 2882 239 2942 Roboribus
253 2884 339 2941 textis
353 2882 482 2956 caeloque
495 2883 609 2941 educere
623 2884 712 2944 iussit

82 2980 113 3039 N
113 2999 129 3038 e
141 2978 226 3052 recipi
238 2979 326 3054 portis
339 2983 389 3036 aut
403 2979 467 3036 duci
480 2980 510 3037 in
523 2980 632 3038 moenia
643 2986 736 3054 posset

83 3076 149 3135 Neu
160 3075 293 3151 populum
307 3075 423 3149 antiqua
435 3076 488 3134 sub
501 3075 632 3149 religione
645 3078 736 3137 tueri:

83 3173 159 3232 Nam
172 3172 197 3231 si
209 3177 303 3231 vestra
313 3190 411 3230 manus
425 3173 556 3231 violasset
569 3173 641 3230 dona
654 3174 804 3247 Minervae,

83 3269 156 3328 Tum
169 3286 300 3342 magnum
313 3268 430 3326 exitium
445 3266 531 3348 (quod
545 3270 574 3327 di
587 3270 664 3343 prius
677 3289 757 3328 omen
770 3272 800 3328 in
814 3273 905 3346 ipsum
939 3301 976 3340 ιφ

83 3363 267 3445 (lonvertant)
282 3365 387 3423 Priami
399 3366 514 3440 imperio
528 3366 739 3441 Phrygibusque
751 3369 877 3426 futurum
887 3390 895 3443 3
