2136 3660
356 175 532 230 Aruernos
550 176 616 229 era
636 176 686 230 111.
938 181 966 228 cr
1002 165 1004 171 ‘

77 313 133 371 Sed
147 314 243 388 fugito,
257 335 274 375 o
288 317 388 388 miseri,
402 318 491 392 fugite
504 322 589 391 atque
602 316 638 377 ab
651 317 733 377 litore
746 318 840 377 funem

77 412 218 484 Rumpite.
934 447 971 494 64ο

77 508 108 565 N
108 527 154 564 am
168 511 256 581 qualis
270 516 444 585 quantusque
458 531 525 570 cavo
539 512 725 586 Polyphemus
739 513 769 570 in
782 521 862 571 antro

76 605 227 678 Lanigeras
243 608 348 667 claudit
361 609 480 682 pecudes
492 614 577 682 atque
590 609 676 667 ubera
689 615 806 682 pressat,

78 701 199 760 Centum
213 704 261 760 alii
275 723 359 763 curva
371 705 439 764 haee
453 705 583 764 habitant
596 707 633 764 ad
647 707 730 764 litora
742 707 825 779 volgo

77 799 192 857 Infandi
207 801 339 875 Cyclopes
352 808 382 862 et
395 803 461 860 altis
475 804 618 864 montibus
631 811 731 863 errant

78 896 174 954 Tertia
187 898 243 954 iam
257 898 353 957 Lunae
367 918 397 958 se
411 917 513 965 cornua
526 900 631 958 lumine
645 901 793 975 complent,
936 930 973 981 ⁶4⁵

78 994 152 1051 (lum
165 996 252 1053 vitam
267 997 296 1053 in
309 997 387 1055 silvis
402 998 475 1057 inter
489 998 598 1056 deserta
611 997 732 1056 ferarum

76 1091 181 1149 Lustra
195 1093 343 1168 domosque
357 1095 446 1165 traho,
460 1101 608 1168 vastosque
621 1096 658 1154 ab
670 1115 738 1170 rupe
751 1096 886 1170 Cyclopas

77 1187 219 1261 Prospicio
233 1192 409 1264 sonitumque
423 1192 524 1265 pedum
539 1209 688 1264 vocemque
702 1197 842 1252 tremesco.

76 1286 193 1344 Victum
206 1287 352 1362 infelicem,
367 1289 450 1346 bacas
462 1289 640 1362 lapidosaque
654 1305 746 1364 corna,

76 1384 158 1441 Dant
170 1385 249 1455 rami,
263 1391 292 1442 et
305 1385 389 1443 volsis
402 1391 519 1460 pascunt
532 1387 675 1444 radicibus·
685 1386 792 1446 herbae
936 1416 974 1466 650

77 1482 180 1539 Omnia
194 1483 364 1541 conlustrans
377 1483 449 1541 hanc
462 1486 582 1556 primam
595 1484 632 1540 ad
644 1484 727 1542 litora
740 1484 853 1543 clamem

78 1578 216 1652 conspexi
230 1581 403 1640 venientem:
424 1580 490 1637 huie
502 1598 556 1653 me,
571 1597 759 1654 quaecumque
772 1581 878 1652 fuisset,

77 1676 201 1735 Addixi:
222 1677 290 1734 satis
304 1682 347 1734 eat
360 1681 471 1750 gentem
485 1676 613 1749 effugisse
626 1677 781 1737 nefandam.

77 1772 138 1830 Vos
151 1774 271 1831 animam
284 1773 357 1831 hane
369 1773 462 1846 potius
475 1791 649 1846 quocumque
662 1773 799 1831 absumite
814 1773 884 1830 leto!

79 1952 195 2002 tetdtl.
215 1946 378 2014 Polyphemus
389 1966 495 2015 appears
505 1952 566 2002 aare
577 1951 618 2002 bia
628 1951 708 2002 bercta
751 1951 794 2003 We
800 1953 855 2015 flea

160 2068 217 2126 Vix
230 2087 262 2126 ea
275 2070 350 2128 fatus
364 2077 432 2143 erat,
448 2088 555 2128 summo
569 2089 632 2128 cum
645 2075 739 2128 monte
752 2071 879 2129 videmus
937 2103 975 2150 ⁶„

79 2165 178 2238 Ipsum
192 2166 265 2223 inter
279 2167 396 2239 pecudes
410 2173 492 2225 vasta
505 2185 534 2225 se
548 2167 620 2226 mole
634 2173 792 2226 moventem

79 2261 223 2319 Pastorem
238 2262 438 2335 Polyphemum
452 2269 481 2322 et
494 2264 577 2322 litora
591 2270 658 2322 nota
672 2271 821 2339 petentem,

78 2357 408 2418 Monstrumhorrendum
416 2361 532 2418 informe
541 2362 797 2434 ingens,cuilumen
805 2362 971 2434 ademptum.

79 2455 189 2513 Trunca
202 2474 285 2513 manu
298 2457 379 2530 pinus
393 2459 464 2531 regit
478 2464 506 2515 et
520 2460 638 2532 vestigia
651 2460 764 2534 firmat3

78 2553 230 2626 lanigerae
245 2555 411 2612 comitantur
424 2573 505 2628 oves3
525 2573 558 2612 ea
571 2555 629 2613 sola
642 2555 771 2629 voluptas
939 2587 976 2626 66ο

80 2649 264 2722 Solamenque
278 2652 352 2710 mali.

79 2748 233 2821 Postquam
247 2748 317 2806 altos
332 2750 427 2823 tetigit
440 2750 542 2808 fluctus
555 2761 584 2808 et
598 2751 635 2808 ad
648 2769 766 2823 aequora
779 2751 864 2823 venit,

79 2845 208 2903 Luminis
222 2846 312 2903 effossi
325 2847 443 2904 fluidum
455 2847 528 2928 lavit
541 2848 606 2905 inde
620 2866 743 2906 cruorem
917 2841 918 2846 ¹

78 2943 221 3001 Dentibus
235 2943 392 3000 infrendens
405 2944 520 3016 gemitu,
536 2945 717 3017 graditurque
730 2963 779 3018 per
792 2962 894 3018 aequor

79 3039 143 3097 Iam
156 3040 286 3111 medium,
302 3040 419 3098 necdum
432 3041 534 3098 fluctus
547 3041 636 3099 latera
649 3041 736 3098 ardua
749 3042 844 3101 tinxit.
939 3071 977 3121 665

80 3137 142 3195 Noe
156 3137 250 3210 procul
263 3137 327 3194 inde
341 3137 434 3209 fugem
449 3138 550 3211 trepidi
565 3139 681 3195 celerare
695 3143 804 3211 recepto

80 3229 211 3303 Supplioe
225 3229 264 3285 sic
278 3229 384 3301 merito,
400 3229 535 3301 tacitique
549 3230 669 3287 incidere
682 3229 797 3305 funem3

80 3326 227 3385 Verrimus
241 3330 270 3383 et
283 3325 363 3398 proni
376 3326 547 3384 certantibus
560 3344 684 3401 aequom
692 3326 791 3383 rem'is.
