2136 3660
82 201 97 249 4
347 197 374 250 r.
394 198 536 270 vuarim
553 199 710 252 merosus

84 337 138 396 (lui
152 356 240 412 neque
254 338 329 411 apud
342 338 454 397 Danaos
468 358 586 413 usquam
598 340 682 412 loeus,
698 345 727 398 et
740 358 821 413 super
833 341 888 412 ipsi

82 434 260 493 Dardanidae
273 436 374 492 infensi
387 453 488 509 poenas
502 455 566 494 oum
579 437 712 510 sauguine
725 442 842 510 poscunt
850 438 875 494 t'

82 530 143 602 Quo
156 533 262 606 gemitu
276 533 399 591 conversi
413 533 499 591 animi
512 552 682 607 compressus
696 538 725 591 et
739 534 827 591 omnis

82 627 215 701 Impetus
260 629 413 687 Hortamur
426 629 487 702 fari,
503 648 558 704 quo
571 630 704 703 sanguine
717 635 808 688 oratus

33 728 34 732 ’
83 725 191 794 Quidve
204 726 294 799 ferat;
314 730 455 798 memoret,
471 745 541 800 quae
554 727 593 785 sit
605 727 707 785 fiducia
720 732 807 800 capta
949 752 974 790 rs

85 821 138 880 Ille
151 822 218 880 haec
232 822 358 896 deposita
371 823 483 881 tandem
496 823 643 881 formidine
656 823 749 883 tetur:

83 1000 181 1053 77.·144.
205 1001 266 1050 tute
273 1001 303 1050 te
311 1001 372 1050 tells.
401 1002 441 1051 Ha
449 1001 472 1049 r's
480 1000 689 1064 asepdivesrom
697 1000 736 1049 too
743 1000 825 1050 soreth
833 1002 863 1062 os
873 999 975 1064 Ulpsroa

146 1083 200 1131 aad
209 1082 239 1130 lae
249 1082 339 1131 ttrowa
349 1081 454 1144 kinuelf
461 1096 493 1130 ora
503 1080 543 1131 the
553 1096 635 1144 marrey
645 1082 676 1144 of
682 1081 721 1130 ere
736 1081 849 1144 Trqiaea.

161 1225 169 1253 ‘
180 1221 288 1280 (lunata
296 1222 422 1294 equidem
430 1222 492 1294 tibi,
499 1222 567 1294 Rex,
574 1221 658 1280 fuerit
666 1221 864 1295 quodcumque,
870 1219 978 1277 fatebor

83 1318 172 1376 Vera’
188 1319 299 1392 iuquit;
322 1322 426 1392 ‘neque
439 1337 484 1376 me
497 1318 627 1392 Argolica
639 1319 674 1377 de
686 1323 769 1391 gente
782 1317 886 1389 negabo
899 1338 905 1374 ι

83 1415 146 1473 Hoo
159 1416 298 1489 primum3
319 1434 377 1488 nee,
394 1417 419 1474 si
432 1416 564 1474 miserum
577 1415 689 1473 fortuna
703 1414 832 1473 Sinonem

84 1511 187 1584 Finxit,
203 1530 305 1570 vanum
319 1513 404 1570 etiam
417 1513 631 1585 mendaeemque
643 1511 759 1584 inproba
771 1510 864 1582 finget.
950 1520 976 1560 80

84 1609 179 1667 Fando
193 1610 305 1682 aliquod
318 1610 343 1667 si
355 1610 426 1667 forte
440 1614 504 1667 tuas
517 1608 644 1683 pervenit
657 1608 694 1666 ad
707 1607 782 1665 auris

85 1706 197 1765 Belidae
210 1726 311 1765 nomen
325 1707 481 1765 Palamedis
495 1713 524 1764 et
537 1706 644 1765 incluta
656 1705 733 1764 sama

85 1803 186 1876 Gloria,
204 1823 286 1878 quem
299 1805 370 1862 falsa
382 1805 435 1863 sub
448 1804 603 1877 proditione
618 1803 728 1876 Pelasgi

84 1899 227 1958 Insontem
240 1901 353 1959 infando
367 1902 476 1973 indicio,
493 1901 560 1973 quia
573 1901 646 1958 bella
659 1900 782 1969 vetabat,

84 1996 225 2054 Demisere
240 1998 269 2053 N
270 1999 317 2068 eoi,
333 2016 406 2054 nuno
419 2015 526 2054 oassum
540 1995 644 2052 lumine
657 1996 761 2067 lugent,
950 2005 975 2054 ss

85 2092 133 2149 Illi
146 2111 190 2149 me
205 2093 333 2149 comitem
347 2097 376 2150 et
390 2091 629 2162 consanguinitate
641 2091 825 2163 propinquum

86 2189 193 2261 Pauper
207 2189 236 2245 in
250 2206 327 2244 arma
340 2193 420 2260 pater
433 2186 529 2259 primis
543 2185 598 2243 huo
611 2187 690 2244 misit
704 2187 740 2244 ab
753 2187 839 2244 annis.

85 2285 162 2342 Dum
175 2285 269 2342 stabat
283 2303 365 2357 regno
379 2283 525 2340 incolumis
539 2300 689 2355 regumque
702 2283 816 2356 vigebat

87 2381 222 2452 Consiliis,
239 2386 267 2439 et
280 2399 330 2438 nos
343 2380 456 2453 aliquod
469 2397 623 2452 nomenque
637 2380 773 2453 decusque

86 2478 235 2536 Gessimus
279 2478 390 2536 Invidia
403 2483 550 2551 postquam
563 2478 676 2552 pellacis
690 2477 771 2535 Ulixi
816 2498 820 2512 ’
954 2500 981 2539 oo

88 2573 179 2653 (Haut
193 2576 289 2649 ignota
301 2573 410 2655 loquor)
425 2577 530 2650 superis
544 2576 677 2634 concessit
691 2576 726 2632 ab
740 2575 802 2645 oris,

86 2671 224 2729 Adfiiotus
237 2672 326 2728 vitam
340 2673 370 2729 in
383 2673 504 2730 tenebris
518 2673 650 2746 luctuque
664 2672 816 2742 trahebam,
892 2674 895 2686 '

86 2768 125 2825 Et
139 2786 232 2825 oasum
246 2769 363 2826 insontis
377 2787 484 2827 meeum
498 2770 663 2842 indignabar
675 2768 763 2826 amici.

87 2863 147 2921 Neo
161 2866 236 2921 taoui
249 2865 369 2935 demens,
384 2871 412 2923 et
426 2885 477 2938 me,
494 2867 550 2924 fors
563 2867 643 2938 siqua
656 2865 774 2936 tulisset,

88 2960 119 3017 Si
132 2962 236 3033 patrios
250 2980 382 3034 umquam
396 2980 559 3020 remeassem
573 2962 662 3019 victor
676 2961 712 3018 ad
725 2961 822 3033 Argos,
951 2985 975 3021 os

88 3056 205 3115 Promisi
219 3059 339 3116 ultorem
353 3065 382 3117 et
396 3060 488 3117 verbis
502 3059 566 3116 odia
579 3076 675 3131 aspera
687 3058 769 3116 movi

87 3155 162 3212 Hinc
175 3155 245 3212 mihi
259 3158 348 3229 prima
361 3157 428 3213 mali
442 3157 525 3227 labes,
541 3155 606 3212 hino
620 3173 727 3228 semper
741 3155 839 3212 Ulixes

87 3251 255 3310 Criminibus
270 3259 371 3311 terrere
384 3255 471 3327 novis,
486 3253 551 3309 hino
565 3270 691 3326 spargere
705 3269 785 3311 vooes

94 3349 129 3406 In
142 3349 254 3422 volgum
268 3351 411 3423 ambiguas
425 3356 454 3408 et
467 3367 595 3423 quaerere
609 3351 732 3408 oonsoius
744 3367 827 3407 arma
