2136 3660
93 215 108 264 6
332 210 333 217 ’
358 210 386 263 P.
407 210 549 262 VERGILI
567 212 725 264 Mauortis

92 353 208 427 Iamque
222 353 281 410 dies
294 352 409 409 infanda
422 351 536 412 aderat:
557 353 627 410 mihi
640 371 717 410 sacra
730 353 820 426 parari

92 450 131 507 Et
144 449 232 507 salsae
246 449 338 522 finges
353 454 382 506 et
397 449 499 506 circum
513 454 638 523 tempora
650 451 746 509 vittae.

92 547 197 620 Eripui,
213 546 309 618 fateor,
326 547 383 603 leto
396 564 440 602 me
455 551 484 603 et
497 547 609 603 vincula
622 547 692 619 rupi,

91 643 256 716 Limosoque
269 642 332 700 lacu
345 661 393 715 per
407 647 516 699 noctem
530 642 661 700 obscurus
675 644 705 699 in
718 644 785 700 ulva
946 668 984 709 1³⁵

91 740 207 810 Deliaci,
221 740 288 797 dum
301 740 364 797 vela
379 738 485 810 darent,
499 740 524 796 si
537 740 609 797 forte
624 740 771 798 dedissent.

82 837 150 907 Nec
164 837 234 894 mihi
247 837 303 894 iam
317 837 436 909 patriam
450 837 594 909 antiquam
608 855 669 908 spes
683 837 741 893 ulla
754 837 875 910 videndi,

90 933 150 990 Nec
164 933 251 990 duleis
266 938 345 989 natos
359 937 574 1005 exoptatumque
588 938 729 1005 parentem
741 955 749 1000 ;

59 1097 61 1102 .
90 1029 165 1098 Quos
178 1029 221 1086 illi
234 1029 290 1086 fors
304 1033 333 1085 et
346 1046 448 1101 poenas
462 1029 497 1085 ob
511 1033 605 1086 nostra
618 1035 760 1102 reposcent

89 1126 206 1199 Effugia,
223 1129 251 1183 et
265 1125 375 1198 culpam
387 1124 459 1182 hanc
472 1126 634 1183 miserorum
647 1132 735 1184 morte
750 1127 874 1200 piabunt.
945 1155 982 1190 140

89 1223 170 1292 Quod
183 1228 211 1280 te
225 1241 273 1296 per
287 1240 397 1295 superos
412 1227 441 1279 et
455 1222 562 1279 conscia
575 1223 690 1279 numina
703 1225 771 1293 veri,

88 1319 142 1377 Per
154 1319 234 1392 siqua
248 1324 297 1391 est,
313 1336 384 1391 quae
398 1323 484 1376 restet
498 1319 588 1376 adhuc
602 1320 767 1377 mortalibus
781 1339 898 1393 usquam

87 1417 258 1475 Intemerata
271 1417 348 1486 fides,
363 1434 418 1487 ore,
434 1416 562 1474 miserere
575 1417 701 1474 laborum

88 1513 246 1585 Tantorum,
262 1514 391 1570 miserere
405 1513 490 1569 animi
504 1531 559 1570 non
574 1513 657 1586 digna
670 1515 801 1573 ferentis!

88 1645 201 1694 ilo-161.
225 1645 293 1707 way
303 1643 411 1693 weloome
422 1643 485 1706 aem,
498 1644 551 1693 aad
561 1645 651 1694 Priora
662 1647 720 1694 asts
731 1647 769 1695 tte
780 1646 896 1706 meusim
904 1648 934 1706 of
941 1646 979 1694 the

151 1725 249 1774 woootea
258 1725 335 1774 torae.

167 1816 222 1873 His
235 1815 356 1872 lacrimis
366 1815 456 1873 vitam
470 1815 575 1887 damus,
588 1820 617 1872 et
631 1816 831 1873 miserescimus
845 1817 925 1874 ultre.
943 1844 978 1880 145

87 1912 152 1986 Ipse
166 1913 227 1970 viro
240 1913 347 1985 primus
361 1914 483 1970 manicas
497 1917 581 1984 atque
595 1918 657 1968 arta
670 1913 756 1969 levari

86 2009 186 2065 Vincla
198 2008 276 2065 iubet
291 2008 426 2077 Priamus,
442 2007 577 2079 dictisque
591 2007 633 2063 ita
646 2007 722 2063 fatur
736 2009 850 2066 amicis:

88 2103 235 2176 ‘Quisquis
249 2121 285 2174 es,
302 2103 416 2159 amissos
430 2102 495 2158 hinc
509 2103 565 2158 iam
580 2101 742 2160 obliviscere
758 2104 876 2180 Graios3

85 2201 189 2259 Noster
202 2200 263 2258 eris.
307 2199 434 2271 Mihique
448 2199 515 2255 haec
530 2198 648 2256 edissere
661 2218 727 2257 vera
740 2203 849 2273 roganti
864 2225 869 2260 :

85 2295 146 2364 Quo
160 2293 262 2351 molem
275 2293 346 2349 hano
356 2292 485 2348 immanis
500 2292 564 2364 equi
577 2294 719 2351 statueret
739 2295 801 2367 quis
812 2299 927 2354 auctori
941 2325 977 2360 150

85 2391 192 2461 Quidve
204 2389 324 2464 petunti
344 2407 413 2462 quae
427 2388 522 2461 religio
535 2393 585 2445 aut
599 2408 669 2462 quae
682 2391 811 2448 maehina
823 2392 889 2448 belli
898 2395 918 2450 l'

82 2489 206 2546 Dixerat.
250 2486 310 2558 Ille,
327 2485 397 2543 dolis
410 2486 562 2542 instructus
575 2491 604 2543 et
619 2491 678 2544 arte
696 2487 820 2559 Pelasga,

83 2584 204 2643 Sustulit
218 2589 314 2641 exutas
328 2582 426 2640 vinclis
439 2582 476 2639 ad
489 2582 578 2639 sidera
592 2583 714 2655 palmas:

85 2682 165 2752 ‘Vos,
182 2680 287 2737 aeterni
300 2680 384 2751 ignes,
400 2684 429 2735 et
442 2697 498 2735 non
511 2679 640 2736 violabile
653 2686 777 2736 restrum

81 2777 178 2835 Testor
191 2776 308 2833 numen’
323 2775 371 2846 ait,
390 2777 462 2846 ‘vos
478 2793 541 2832 arae
554 2793 685 2848 ensesque
698 2775 819 2848 nefandi,
939 2805 974 2842 1⁵⁵

82 2872 156 2942 Quos
169 2871 236 2944 fugi,
252 2872 395 2942 vittaeque
409 2870 499 2942 deum,
514 2889 583 2943 quas
597 2870 690 2928 hostia
702 2873 793 2944 gessi:

81 2970 135 3026 Fas
149 2968 219 3026 mihi
233 2968 380 3025 Graiorum
394 2973 502 3024 sacrata
514 2967 648 3025 resolvere
662 2969 730 3040 iura,

81 3066 135 3123 Fas
149 3065 239 3122 odisse
252 3065 334 3135 viros,
351 3069 434 3137 atque
449 3064 542 3121 omnia
556 3064 626 3122 ferre
643 3064 695 3121 sub
709 3083 796 3138 auras,

81 3163 167 3235 Siqua
181 3165 298 3234 tegunt3
319 3165 414 3217 teneor
427 3160 533 3233 patriae
546 3178 596 3216 nec
610 3159 717 3232 legibus
731 3162 803 3233 ullis,

80 3258 123 3316 Tu
136 3258 217 3314 modo
231 3257 372 3329 promissis
386 3273 504 3326 maneas,
520 3259 683 3328 servataque
696 3276 788 3315 serves
937 3277 975 3318 1⁶0

80 3355 162 3413 Troia
175 3355 265 3424 fidem,
282 3354 307 3410 si
320 3372 386 3411 vera
399 3354 492 3424 feram,
509 3352 533 3409 si
546 3370 647 3425 magna
659 3356 813 3428 rependam
