2136 3660
362 205 537 256 AENEIDOS
555 205 621 256 LIB.
642 205 702 257 111..
713 248 721 253 ..
943 209 975 262 37

83 345 314 418 Exstruimusque
327 350 402 404 toros
416 338 587 419 dapibusque
602 324 745 419 epulamur
758 347 863 421 opimis

84 445 124 501 At
138 445 245 502 subitae
258 443 385 501 horrifico
398 444 479 516 lapsu
492 443 526 501 de
539 444 682 501 montibus
695 444 798 503 adsunt
937 472 975 510 ης

84 541 225 614 Harpyiae
239 546 268 598 et
281 541 389 614 magnis
403 541 534 613 quatiunt
548 540 722 613 clangoribus
735 541 801 613 ales,

81 637 281 710 Diripiantque
295 637 378 710 dapes
392 641 574 710 contactuque
589 637 681 694 omnia
694 637 807 695 foedant

82 733 249 807 Immund03
270 738 331 790 tum
345 751 400 790 vox
413 738 535 790 taetrum
548 732 609 790 dira
622 733 695 790 inter
709 732 825 792 odorem

82 832 204 887 Rursum
218 831 248 887 in
261 849 368 888 secessu
381 830 462 903 longo
475 831 528 887 sub
541 847 609 902 rupe
622 835 721 887 cavate

82 927 234 983 Arboribus
248 926 333 983 clausi
347 927 449 983 circum
462 915 546 1000 atque
558 925 733 984 horrentibus
747 927 852 986 umbris
938 956 976 994 230

82 1023 250 1080 Iustmimns
263 1041 371 1080 mensas
385 1021 663 1095 arisquereponimus
677 1023 787 1096 ignem:

82 1120 204 1176 Rursum
218 1137 252 1176 ex
265 1119 373 1176 diverso
387 1119 455 1176 caeli
469 1101 608 1192 caecisque
621 1119 735 1177 latebris

82 1217 176 1273 Turba
188 1234 287 1273 sonans
301 1216 431 1288 praedam
445 1199 561 1288 pedibus
575 1215 754 1274 circumvolat
767 1218 852 1291 uncis,

82 1314 187 1371 Polluit
201 1332 248 1370 ora
262 1314 352 1386 dapes
397 1313 484 1371 Sociis
496 1297 564 1370 tanc
577 1332 654 1372 arma
667 1295 810 1387 capessant

82 1411 175 1482 Edico,
191 1416 220 1467 et
234 1411 294 1467 dira
306 1409 411 1467 bellum
424 1428 487 1467 cum
500 1416 583 1483 gente
595 1411 751 1484 gerendum.
924 1439 974 1493 „²³⁵

81 1508 167 1564 Haud
181 1526 257 1564 secan
271 1525 302 1564 ac
315 1506 384 1563 iusei
396 1507 510 1579 faciunt,¹
525 1513 666 1580 tectosque
679 1526 728 1581 per
740 1509 853 1567 herbam

80 1605 241 1677 Disponnnt
255 1621 331 1660 enses
345 1608 374 1660 et
388 1608 467 1660 scuta
479 1604 596 1661 latentia
610 1606 738 1663 condunt

80 1701 155 1774 Ergo
168 1701 216 1757 ubi
230 1700 356 1773 delapsae
369 1700 491 1756 sonitum
504 1719 554 1773 per
567 1719 650 1758 curm
663 1702 763 1760 dedere

81 1798 184 1869 Litora,
200 1797 250 1854 det
263 1798 372 1869 signum
385 1795 496 1868 specula
509 1797 633 1855 Misenus
647 1799 683 1855 ab
697 1799 755 1856 alta

79 1895 152 1952 Aere
166 1912 249 1952 cavo:
266 1894 406 1950 invadunt
419 1893 486 1951 socii
500 1899 529 1951 et
541 1913 614 1951 nova
627 1895 730 1967 proelia
743 1900 889 1968 temptant,
936 1923 974 1960 ψ

81 1993 221 2050 Obscenae
234 1991 324 2064 pelagi
337 1991 409 2048 ferro
423 1990 531 2047 foedare
544 1990 675 2049 volucres

80 2089 138 2148 Sed
150 2106 238 2160 neque
251 2089 309 2144 vim
322 2088 424 2160 plumis
437 2087 523 2145 ullam
536 2087 712 2157 nec'volnera
724 2091 802 2161 tergo

81 2185 237 2258 Accipiunt,
253 2185 386 2257 celerique
400 2185 466 2258 fuga
479 2186 532 2243 srub
544 2186 634 2243 sidera
647 2185 740 2258 lapsae

81 2283 222 2340 Semesam
235 2280 364 2353 praedam
379 2287 407 2338 ot
420 2283 539 2355 vestigia
552 2282 632 2339 foeda
645 2282 812 2354 relinquunt

81 2379 149 2436 Una
161 2378 191 2433 in
204 2377 341 2450 praecelsa
354 2378 477 2435 consedit
490 2395 557 2451 rupe
571 2378 696 2450 Celaeno,
846 2435 848 2437 ,
937 2407 974 2444 245

81 2474 185 2533 Infelix
197 2478 284 2545 rates,
299 2474 458 2546 rumpitque
471 2474 543 2532 hanc
556 2480 665 2548 pectore
678 2493 791 2534 vocem:

84 2571 210 2629 ‘Bellum
224 2571 309 2628 etiam
321 2589 371 2644 pro
385 2570 467 2628 caede
480 2571 565 2628 boum
578 2572 728 2644 stratisque
742 2572 873 2646 iuvencis,

81 2667 339 2740 Laomedontiadee,
354 2668 494 2725 bellumne
507 2668 608 2725 inferre
621 2669 727 2740 paratis

81 2766 122 2822 Et
135 2765 225 2837 patrio
239 2764 377 2837 Harpyias
390 2764 507 2822 insontis
520 2764 620 2838 pellere
633 2766 737 2838 regnol

82 2861 208 2934 Accipite
222 2879 285 2933 ergo
298 2861 397 2918 animis
411 2867 494 2934 atque
507 2861 574 2919 hacc
588 2880 650 2918 mea
662 2861 740 2934 figite
753 2861 845 2920 diota:
874 2883 876 2888 ·
938 2889 976 2927 250

83 2959 161 3028 Quae
176 2957 287 3015 Phoebo
300 2963 379 3030 pater
393 2959 573 3031 omnipotens,
590 2958 659 3014 mihi
674 2957 802 3015 Phoebus
815 2958 915 3032 Apollo

84 3054 234 3125 Praedixit,
250 3054 328 3111 vobis
343 3054 489 3112 Furiarum
502 3073 552 3128 ego
566 3054 687 3111 maxima
700 3053 799 3127 pando.
973 3057 975 3062 '

83 3151 198 3209 Italiam
211 3168 292 3206 cursu
305 3150 408 3223 petitis,
424 3152 569 3225 ventisque
582 3151 688 3208 uocatis

84 3247 168 3305 Ibitis
182 3247 294 3303 Italiam
308 3254 456 3320 portusque
469 3249 572 3306 intrare
584 3248 698 3322 licebit;

88 3341 145 3400 Sed
158 3360 212 3399 non
227 3347 291 3401 ante
305 3343 399 3400 datam
414 3344 531 3420 cingetis
544 3344 693 3404 moenious
703 3345 820 3414 unbem,
959 3361 1004 3399 aas
