2136 3660
79 735 120 810 P.
149 731 378 808 VERGILI
408 729 658 804 MARONIS
692 728 972 804 AENEIDOS

273 956 276 964 '
347 978 466 1037 nrnnn
487 976 702 1037 snounnns

59 1220 63 1228 ι
111 1257 316 1318 bit-affecte,
329 1260 357 1306 ot
367 1256 406 1306 tto
416 1259 510 1319 requect
521 1257 552 1317 of
562 1255 636 1315 Dido,
647 1256 769 1318 promisca
779 1260 802 1304 to
813 1255 890 1306 celem
900 1256 939 1306 ere

197 1345 297 1402 captore
307 1341 337 1398 of
348 1339 420 1400 Troy,
436 1338 488 1386 ond
499 1337 540 1386 hic
550 1337 710 1399 wooderioec
721 1337 860 1398 cureufler.

117 1457 316 1517 Oonnlounnn
329 1473 423 1513 omnes
436 1455 592 1527 intentique
606 1472 654 1513 ora
667 1455 819 1514 tenebant:

119 1552 190 1610 Inde
202 1557 262 1610 toro
276 1558 355 1626 pater
368 1553 475 1609 Aeneas
489 1553 528 1609 sic
542 1570 619 1609 orsus
632 1551 668 1608 ab
682 1552 757 1611 alto:

123 1648 296 1722 ‘Infandum
313 1650 427 1722 Regina,
443 1648 521 1706 iubes
534 1666 664 1706 renovare
679 1649 807 1719 dolorem,

120 1746 251 1805 Troianos
264 1752 297 1803 ut
311 1764 375 1819 opes
389 1750 418 1803 et
428 1744 605 1802 lamentabile
618 1762 733 1817 regnum

118 1844 250 1901 Emerint
262 1843 362 1914 Danai,
378 1859 502 1916 quaeque
515 1842 573 1914 ipse
587 1841 740 1899 miserrima
752 1839 819 1912 ridi,
952 1865 964 1904 ς

118 1940 158 1997 Et
172 1957 288 2012 quorum
301 1957 365 2012 pars
378 1957 479 2012 magna
491 1939 540 1996 fui.
582 1937 650 2008 Quis
664 1938 733 1995 taiin
745 1939 829 1996 fando

118 2036 326 2109 Myrmidonum
340 2037 513 2109 Dolopumve
527 2041 576 2093 aut
590 2036 652 2093 duri
666 2036 745 2093 miles
760 2035 838 2092 Ulixi

119 2133 264 2206 Temperet
278 2151 296 2190 a
308 2133 428 2190 lacrimis
439 2133 449 2190 t
469 2137 498 2190 et
511 2133 568 2190 iam
581 2151 636 2190 nox
649 2133 744 2190 umida
757 2131 831 2190 caelo
951 2155 952 2159 ¹

118 2230 288 2302 Praecipitat
301 2230 474 2302 suadentque
487 2230 614 2287 cadentia
626 2230 716 2288 sidera
729 2247 845 2287 somnos.

119 2327 175 2386 Sed
188 2327 213 2384 si
226 2331 321 2384 tantus
336 2345 412 2384 amor
425 2345 504 2384 casus
519 2324 677 2400 cognoscere
690 2332 797 2384 nostros

119 2423 158 2480 Et
171 2424 292 2481 breviter
306 2424 403 2481 Troiae
416 2442 575 2496 supremum
588 2424 682 2481 audire
696 2423 824 2494 laborem,

120 2519 293 2594 Quamquam
307 2523 415 2579 animus
429 2522 585 2580 meminisse
598 2521 692 2579 horret
705 2522 836 2594 luctuque
850 2520 958 2593 refugit,

120 2617 263 2692 Incipiam

119 2770 290 2821 mmo-nac
308 2772 403 2834 Greelcn
423 2773 592 2834 uocmcccasul
607 2775 637 2822 c'o
653 2775 692 2823 the
707 2776 775 2836 cicqe,
796 2778 915 2824 construet
931 2773 970 2821 tte

187 2852 281 2914 Trojoa
291 2853 367 2914 torre,
377 2855 423 2915 fill
433 2856 455 2904 it
465 2855 565 2916 secretio
576 2855 638 2903 wirla
652 2871 714 2914 ccco,
730 2857 783 2904 aad
798 2858 851 2918 qice
862 2861 905 2905 out
916 2855 970 2905 aar

181 2933 205 2982 u
214 2934 238 2982 a'o
248 2948 266 2982 o
275 2935 353 2982 votive
364 2935 467 2996 offertor
473 2937 518 2995 sor
529 2950 546 2983 a
556 2937 610 2996 aufe
620 2941 709 2985 cetura
718 2935 794 2986 hocce.

301 3049 395 3106 Fracti
408 3051 481 3108 bello
495 3052 614 3124 fatisque
628 3052 730 3126 repulsi

116 3143 252 3202 Ductores
266 3145 404 3217 Danamn,
421 3152 464 3204 tot
478 3149 533 3205 iam
547 3148 705 3206 labentibus
719 3149 805 3214 annis,

117 3241 211 3298 Instar
224 3243 327 3299 montis
341 3260 442 3314 equum
456 3245 550 3302 divina
564 3244 686 3302 Palladis
700 3251 760 3303 arte

224 3331 255 3405 s
512 3351 531 3392 n
