2136 3660
84 229 116 281 10
346 216 375 268 P.
393 215 537 268 venum
554 214 711 268 MABONIS

83 361 233 421 Involvens
246 357 346 416 umbra
358 374 459 429 magna
472 360 628 429 terramque
640 356 789 430 polumque

83 459 345 532 Myrmidonumque
359 454 453 513 dolos:
473 454 529 511 fusi
542 473 591 528 per
603 455 712 512 moenia
725 454 823 512 Teucri

83 557 255 625 Conticuere,
271 570 351 626 sopor
364 551 450 609 fessos
463 551 656 624 complectitur
668 557 763 611 artus:

82 720 197 773 ete-267.
221 720 273 769 Tio
291 718 380 768 Greeks
395 719 425 767 ia
441 717 481 767 tta
500 717 596 780 Trojaa
611 718 681 768 borae
698 722 735 779 pat
746 722 789 767 out
799 718 852 768 aad
868 717 900 768 lot
912 717 977 767 tbca‘r

142 785 244 848 pona
253 786 307 834 aa
318 784 357 832 aaa
368 784 424 843 ooo.

81 901 121 959 Et
134 901 191 958 iam
204 899 310 973 Argiva
323 898 445 972 phalanx
458 897 602 955 instructis
615 899 733 956 navibus
746 898 807 956 ibat

81 998 109 1054 A
122 996 240 1068 Tenedo,
257 996 358 1052 tacitae
371 1013 420 1069 per
433 995 523 1051 amica
535 994 647 1051 silentia
659 994 741 1052 lunae
938 1019 975 1058 ες,

81 1093 179 1152 Litora
191 1097 259 1150 nota
271 1097 375 1165 petens.
419 1091 560 1147 Flammas
573 1109 636 1147 cum
647 1091 722 1163 regia
734 1090 835 1164 puppis

81 1189 229 1246 Extulerat
242 1188 362 1261 fatisque
376 1187 459 1243 deum
472 1186 600 1244 defensus
613 1187 716 1261 iniquis

81 1285 208 1344 Inclusos
221 1290 300 1343 utero
314 1285 427 1342 Danaos
440 1290 469 1341 et
483 1284 564 1357 pinea
577 1284 675 1341 furtim

82 1382 173 1440 Laxat
186 1383 308 1441 claustra
322 1381 416 1453 Sinon,
431 1381 494 1438 illos
507 1382 663 1454 patefactus
676 1382 712 1439 ad
726 1400 806 1440 auras

82 1479 187 1538 Reddit
200 1497 295 1553 equus,
311 1479 432 1552 laetique
446 1496 513 1536 cavo
526 1497 556 1536 se
569 1479 665 1536 robore
678 1484 810 1552 promunt
937 1494 976 1535 ιω

81 1577 271 1635 Tbessandrus
286 1575 488 1648 Sthenelusque
502 1575 584 1633 duces
597 1580 627 1634 et
641 1576 716 1633 dinus
731 1577 836 1647 Ulixes,

81 1675 242 1733 Demissum
255 1674 326 1747 lapsi
339 1692 388 1746 per
401 1673 502 1744 funem,
514 1674 687 1746 Acamasque
701 1673 844 1747 Thoasque

82 1773 246 1846 Pelidesque
260 1772 459 1845 Neoptolemus
472 1772 631 1845 primusque
644 1771 782 1830 Machaon

81 1869 121 1927 Et
134 1870 277 1929 Menelaus
291 1875 320 1927 et
333 1869 392 1942 ipse
406 1868 463 1926 doli
476 1867 625 1925 fabricator
638 1867 736 1940 Epeos.

81 1965 225 2023 Invadunt
238 1965 334 2022 urbem
348 1983 443 2022 somno
457 1964 575 2036 vinoque
589 1963 744 2036 sepultam
938 1981 976 2030 ,σς

82 2062 243 2121 caeduntur
255 2061 360 2133 vigiles,
376 2059 517 2134 portisque
531 2058 691 2130 patentibus
705 2060 794 2117 omnis

81 2158 231 2231 Accipiunt
243 2157 330 2215 socios
344 2161 427 2229 atque
441 2155 553 2228 agmina
566 2156 674 2212 conscia
686 2156 812 2230 iungunt

83 2324 198 2377 aee-297.
217 2324 307 2373 Hector
325 2336 430 2385 appears
446 2322 476 2370 ta
494 2335 512 2369 a
530 2320 618 2369 orcam
634 2324 657 2370 to
668 2337 706 2370 mo
722 2322 775 2371 aad
791 2324 845 2373 tide
855 2340 894 2374 ore
910 2325 976 2377 aare

150 2406 216 2468 Troy
222 2424 234 2462 ‚·
250 2406 315 2467 ytoee
325 2419 363 2452 aaa
374 2403 413 2452 tte
425 2403 534 2464 Panare,
548 2401 601 2450 aad
617 2405 758 2453 commoraris
768 2419 806 2453 oto
823 2409 846 2454 to
855 2408 943 2468 found
959 2424 976 2457 a

146 2488 196 2549 otta
206 2500 331 2536 moscus.

162 2602 282 2674 Tempus
296 2604 362 2670 erat,
378 2616 433 2671 quo
446 2599 536 2672 prima
549 2601 627 2673 quies
640 2601 803 2659 mortalibus
817 2604 905 2677 aegris

82 2699 187 2772 Incipit
200 2704 230 2756 et
243 2698 315 2755 dono
329 2697 422 2754 divom
435 2698 593 2770 gratissima
605 2701 698 2772 serpit

82 2796 118 2853 In
131 2797 234 2854 somnis
248 2813 308 2853 ecce
322 2800 386 2852 ante
400 2794 492 2852 oculos
505 2797 704 2854 maestissimus
719 2796 824 2856 Hector
936 2827 975 2866 270

81 2893 167 2950 Visus
180 2893 274 2950 adesse
288 2891 358 2948 mihi
371 2891 515 2966 largosque
528 2893 667 2951 effimdere
680 2893 771 2967 fletus,

82 2989 221 3062 Raptatus
234 2989 306 3062 bigis
319 2994 353 3047 ut
366 2989 505 3062 quondam
519 2995 632 3063 aterque
646 2996 759 3049 cruento

82 3086 200 3143 Pulvere
213 3104 314 3159 perque
327 3086 410 3160 pedes
424 3086 554 3143 traiectus
567 3085 627 3143 lora
639 3089 780 3148 tumentis

82 3181 118 3240 Ei
131 3181 218 3240 mihi!
239 3182 328 3255 qualis
342 3187 402 3239 erat
416 3179 564 3260 (quantum
577 3188 703 3242 mutatus
716 3186 813 3246 abillo

82 3278 210 3350 Hectore,
226 3278 274 3351 qui
287 3279 360 3336 redit
374 3279 487 3336 exuvias
499 3278 615 3337 indutus
628 3279 733 3339 Achilli
935 3312 973 3353 ης

82 3374 136 3434 Vel
149 3375 280 3434 Danaum
294 3375 430 3451 Phryglos
443 3375 579 3435 iaculatus
592 3378 729 3453 puppibus
743 3376 837 3460 ignis),
