2136 3660
130 193 160 242 46
386 191 414 244 P.
434 192 578 244 VERGILI
596 195 753 248 MARONIS

129 335 242 392 ‘Vivite
257 333 357 405 felices,
373 333 474 405 quibus
488 340 532 392 est
545 335 657 392 fortuna
670 341 781 409 peracta

127 431 188 489 Iam
202 449 270 504 sua;
290 447 339 486 uos
353 429 408 486 alia
421 447 455 486 ex
469 431 531 487 aliis
545 431 574 487 iu
588 432 648 490 iata
661 451 810 491 vocamur:

126 528 307 600 Vobisparta
319 527 404 600 quies,
420 527 528 584 nullum
542 529 626 586 maris
641 547 741 604 aequor
755 528 898 598 arandum,
986 556 1023 596 49⁵

124 626 202 683 Arva
215 642 303 696 neque
316 624 455 681 Ausoniae
469 642 575 697 semper
589 625 714 684 cedentia
726 631 801 685 retro

126 722 292 792 Quaerenda
336 723 463 795 Effigiem
475 721 584 783 Xanthi
598 723 762 796 Troiamque
774 723 885 794 videtis,

125 817 214 888 Quam
229 825 336 877 vestrae
350 819 437 876 fecere
451 836 549 876 manus
562 819 730 892 melioribus,
746 825 821 897 opto,

122 916 262 989 Auspiciis
276 920 305 974 et
318 934 388 989 quaa
401 915 486 972 fuerit
499 915 590 972 miuus
605 915 687 972 obvia
701 915 790 977 Grais

124 1012 265 1085 Siquando
278 1011 412 1084 Thybrim
425 1011 570 1084 vicinaque
584 1011 732 1084 Thybridis
746 1031 813 1073 arva
980 1039 1018 1078 500

123 1109 233 1166 Intrare
247 1110 378 1182 gentique
391 1126 468 1166 meas
481 1109 549 1166 data
561 1109 670 1166 moenia
683 1128 801 1180 cernam,

123 1206 261 1279 Cognatas
275 1205 356 1263 urbes
370 1205 435 1262 olim
450 1206 620 1279 populosque
633 1207 799 1280 propinquos

122 1304 206 1376 Epiro
220 1303 363 1375 Hesperia,
379 1303 479 1375 quibus
493 1303 566 1360 idem
580 1303 729 1362 Dardanus
743 1309 839 1362 auctor

121 1402 214 1473 Atque
228 1400 301 1457 idem
315 1418 401 1472 casus,
417 1417 500 1456 uuam
514 1400 646 1458 faciemus
659 1386 807 1474 titramquo

121 1497 231 1553 Troiam
244 1497 362 1570 animis;
382 1501 493 1554 maneat
506 1502 614 1557 nostros
625 1515 661 1556 ea
674 1516 740 1556 cura
752 1499 883 1571 nepotes’
977 1525 1013 1564 305

119 1674 235 1726 too-547.
261 1675 304 1724 Wc
314 1675 365 1724 soil
376 1689 408 1724 on
419 1675 472 1724 ared
480 1675 546 1738 sight
556 1675 631 1738 Italy,
647 1675 699 1725 ond
704 1691 759 1738 pay
770 1690 818 1725 our
829 1691 893 1726 oows
901 1681 924 1727 to
936 1677 1012 1728 June.

199 1791 381 1849 Provehimur
393 1791 490 1865 pelago
503 1792 595 1849 vicina
610 1791 746 1850 Ceraunia
759 1793 847 1866 iuxta,

119 1886 203 1944 Unde
215 1888 269 1944 iter
283 1888 395 1945 Italiam
410 1906 558 1961 cursusque
571 1888 750 1946 brevissimus
764 1889 853 1948 undis

119 1982 167 2040 Sol
180 1984 237 2040 ruit
251 1984 356 2042 interea
369 1990 398 2042 et
411 1990 519 2042 montes
533 1986 698 2043 umbrantur
712 1986 796 2068 opaci

119 2078 274 2136 Sternimur
286 2085 399 2152 optatae
412 2081 517 2152 gremio
531 2081 640 2138 telluris
654 2083 691 2139 ad
704 2082 815 2154 undam,

118 2175 217 2232 Sortiti
230 2193 328 2246 remos,
341 2177 498 2248 passimque
511 2177 540 2233 in
554 2177 636 2235 litore
649 2180 720 2237 sicco
974 2204 1012 2245 510

66 2288 69 2293 ·
118 2270 237 2344 Oorpora
251 2289 395 2346 curamus;
415 2273 500 2330 fessos
513 2291 594 2346 sopor
607 2275 710 2348 inrigat
723 2280 809 2335 artus.

116 2368 242 2425 Necdum
256 2369 349 2426 orbem
363 2369 484 2428 medium
498 2369 527 2426 N
528 2388 564 2428 ox
578 2371 663 2429 Horis
676 2377 739 2428 acta
752 2372 883 2431 subibat:

116 2464 196 2522 Haut
209 2465 300 2538 segnis
313 2470 401 2522 strato
415 2466 505 2539 surgit
521 2466 670 2525 Palinurus
684 2472 714 2524 et
728 2468 817 2526 omnis

115 2560 249 2634 Explorat
263 2567 360 2620 ventos
374 2570 459 2636 atque
472 2564 586 2621 auribus
600 2582 664 2621 aera
678 2569 791 2640 captat5

115 2657 211 2716 Sidam
224 2665 323 2716 cuncta
338 2665 417 2717 uotat
431 2661 516 2718 tacito
531 2661 655 2718 labentia
667 2661 752 2735 caelo,
973 2688 1011 2729 ⁵1⁵

112 2754 262 2812 Arcturum
277 2755 440 2829 pluviasque
454 2757 570 2830 Hyadas
582 2759 760 2832 geminosque
775 2758 897 2833 Triones,

112 2850 315 2924 Armatumque
328 2869 395 2908 auro
408 2853 594 2926 circumspicit
609 2853 718 2912 Oriona
904 2846 907 2851 ’

113 2945 264 3020 Postquam
278 2952 377 3005 cuncta
391 2949 469 3006 videt
483 2950 558 3006 caelo
572 2955 697 3009 constare
711 2970 814 3026 sereno,

111 3042 172 3100 Dat
186 3043 288 3100 clarum
304 3062 319 3101 e
333 3044 419 3120 puppi
433 3045 543 3117 siguum
557 3067 564 3113 ς
584 3064 633 3104 nos
647 3053 738 3107 castra
752 3067 895 3111 movemus

112 3138 345 3213 Temptamusque
358 3142 431 3198 viam
448 3148 477 3199 et
491 3141 611 3199 velorum
628 3145 774 3216 pandimus
788 3145 853 3205 alas
971 3172 1011 3214 ⁵²0

112 3235 228 3309 Iamque
241 3237 403 3293 rubescebat
417 3238 506 3295 stellis
520 3238 629 3296 Aurora
642 3242 753 3314 fugatis,

96 3330 170 3388 Oum
181 3333 285 3406 procui
300 3333 433 3396 obscuros
448 3335 527 3395 collis
541 3335 730 3411 huuiiiemque
742 3338 867 3396 ridemus
