2136 3660
338 193 514 247 AENEIDOS
531 195 597 248 LlB.
619 193 668 247 111.
920 197 952 247 45

58 435 173 484 463-505.
194 433 271 494 ΑΜ
281 433 383 482 maleel
393 434 456 495 gista
466 447 510 482 are
520 433 648 494 promae
658 448 693 483 we
704 432 748 482 bid
757 400 948 494 tbemfarcaoell.

139 556 215 626 Quae
228 560 376 628 postquam
389 560 468 613 vates
481 555 522 612 sic
535 573 581 612 ore
594 556 694 612 effatus
708 555 796 612 arnico
809 560 860 627 est,

57 653 140 710 Dona
153 653 252 710 dehinc
265 669 331 708 auro
345 651 440 723 gravia
453 656 582 723 sectoque
595 650 742 724 elephanto

56 751 181 823 Imperat
195 749 231 805 ad
244 748 324 805 navis
337 748 411 817 farri,
425 748 566 820 stipatque
579 748 680 805 cerinis

56 847 160 919 Ingens
172 850 317 919 argentum
331 844 549 916 Dodonaeosque
560 844 675 916 lebetas,

56 943 183 1000 loricam
197 945 352 999 consertam
365 939 457 997 hamis
470 958 592 1012 auroque
607 941 726 999 trilicem

56 1039 96 1097 Et
110 1057 208 1096 conum
222 1038 338 1110 insignis
352 1037 447 1110 galeae
460 1037 612 1110 cristasque
626 1039 769 1110 comantis,

55 1137 144 1194 Arma
157 1134 341 1207 Neoptolemi.
383 1133 457 1192 Sunt
471 1139 500 1192 ct
513 1152 565 1191 sua
576 1135 650 1193 dona
664 1136 780 1209 parenti.

56 1233 146 1290 Addit
159 1250 252 1305 equos,
265 1231 399 1304 additque
412 1231 513 1305 duces;

56 1329 213 1401 Remigium
228 1330 347 1401 supplet,
362 1329 449 1413 socios
463 1329 546 1386 simul
560 1330 675 1387 instruit
689 1330 780 1388 armis

138 1428 247 1485 Interea
261 1427 376 1484 classem
389 1427 459 1484 velis
473 1432 569 1499 aptare
582 1428 698 1485 iubebat

56 1524 199 1596 Anchises,
214 1523 293 1580 fieret
302 1527 387 1578 rento
400 1540 478 1579 mora
490 1541 580 1596 nequa
593 1523 700 1582 fcrenti.

56 1621 145 1692 Quem
160 1620 266 1679 Phoebi
279 1621 414 1691 interpres
428 1619 518 1676 multo
531 1620 678 1692 compellat
692 1622 810 1680 honore:

57 1718 217 1790 ‘Coniugia
232 1716 363 1788 Anchisa,
378 1714 495 1772 Veneris
508 1716 621 1788 dignate
634 1717 760 1790 superbo,

55 1815 133 1874 Oura
146 1814 236 1885 deum,
251 1812 295 1868 bis
309 1811 467 1883 Pergameis
480 1817 574 1883 erepte
585 1812 682 1884 minis,

55 1912 128 1968 Ecce
142 1910 195 1966 tibi
208 1909 348 1965 Ausoniae
362 1907 464 1982 tollus3
484 1907 555 1965 hanc
568 1909 658 1981 arripe
671 1909 749 1968 velis.

55 2011 96 2067 Et
109 2016 202 2067 tamen
216 2006 287 2064 hanc
300 2007 397 2080 pelago
410 2005 613 2079 praeterlabare
626 2012 781 2080 necessest3

56 2106 196 2164 Ausoniae
209 2123 273 2177 pars
286 2104 336 2161 illa
348 2103 451 2176 procul,
467 2121 551 2176 quam
564 2102 664 2176 pandit
676 2104 785 2177 Apollo.

56 2204 153 2275 Vade,’
167 2203 216 2273 ait,
232 2207 265 2258 ‘o
278 2201 346 2258 felir
359 2201 419 2258 nati
433 2201 553 2273 pietate:
574 2201 642 2275 quid
656 2202 731 2259 ultra

57 2300 199 2359 Provehor
212 2304 241 2356 et
254 2298 337 2356 fando
351 2299 489 2371 surgentis
502 2299 627 2356 demoror
639 2300 778 2358 austrcsl’

57 2399 119 2456 Nec
131 2397 224 2454 minus
236 2395 428 2453 Andromache
442 2395 566 2467 digressu
579 2400 686 2454 maesta
699 2413 826 2470 supremo

57 2495 126 2552 Fert
140 2494 291 2566 picturatas
304 2493 366 2549 auri
378 2492 534 2550 subtemine
548 2498 647 2562 vestes,

56 2593 97 2651 Et
111 2590 260 2663 Phrygiam
273 2590 392 2646 Ascanio
406 2589 586 2662 chlamydem,
600 2608 650 2646 nec
664 2590 737 2648 cedit
750 2590 860 2664 honore,

57 2687 268 2758 Testilibusque
282 2691 377 2743 onerat
391 2687 470 2744 donis
484 2705 515 2743 ac
529 2686 599 2743 talia
611 2687 704 2746 latur:
913 2705 951 2754 aas

59 2785 179 2857 ‘Accipe
192 2789 221 2840 et
234 2782 309 2855 haec,
325 2801 456 2840 manuum
470 2783 525 2840 tibi
539 2801 609 2856 quac
623 2785 794 2843 monimenta
806 2805 928 2845 mearum

57 2882 131 2950 Sint,
145 2897 221 2952 puer,
236 2885 265 2935 et
278 2878 392 2952 longum
405 2879 597 2936 Andromache
610 2885 749 2938 testentur
762 2900 889 2953 amorem,

57 2977 191 3049 Coniugis
206 2977 375 3035 Hectoreae:
397 2994 463 3049 cape
477 2977 549 3033 dona
562 2982 685 3036 extrema
698 2982 819 3052 tuorum,

57 3075 83 3135 Ο
97 3073 168 3132 mihi
181 3073 240 3130 sola
252 3072 308 3130 mei
321 3091 403 3144 super
416 3073 597 3146 Astyanactis
610 3075 709 3147 imago.

57 3172 105 3230 Sic
118 3169 219 3241 oculos,
235 3169 335 3226 sicilie
349 3187 456 3241 manns,
470 3171 510 3228 sic
524 3188 572 3228 ora
584 3171 698 3243 ferebat,
912 3200 951 3239 ῳ

57 3268 96 3324 Et
110 3283 185 3324 nunc
198 3265 307 3338 aequali
320 3270 411 3322 tecum
425 3266 588 3337 pubesceret
601 3268 683 3324 acro!

57 3364 120 3422 Hos
134 3381 184 3436 ego
197 3361 352 3434 digrediens
366 3361 490 3422 lacrimis
504 3363 625 3424 adiabar
639 3364 774 3424 obortae
