2136 3660
378 204 554 258 AENEIDOS
571 205 637 257 LIB.
655 206 690 257 ΙΙ.
956 211 988 261 19

85 349 174 408 Arma
187 349 236 406 diu
249 349 340 406 senior
353 346 468 406 desueta
481 348 665 405 trementibus
679 366 747 406 aevo

85 432 247 504 Oircumdat
261 445 427 518 nequiquam
441 443 543 501 umeris
555 447 585 501 et
597 444 696 502 inutile
709 444 812 501 sermm
945 469 984 509 510

85 541 215 616 Cingitur
228 560 260 599 ac
270 541 368 599 densos
382 540 470 598 fertur
483 540 633 598 moriturus
647 541 677 597 in
690 540 786 598 hostis

83 639 208 697 Aedibus
220 639 250 695 in
263 639 362 696 mediis
375 638 504 711 nudoque
517 638 570 695 sub
584 637 705 695 aetheris
719 656 771 696 axe

83 734 187 808 Ingens
201 753 249 792 ara
262 735 318 792 fuit
331 735 464 808 iuxtaque
477 734 625 792 veterrima
638 735 739 806 laurus,

83 830 252 889 Incumbens
266 835 427 905 arceatque
441 831 540 888 umbra
553 831 696 903 complexa
709 831 834 891 Peneus

83 926 139 985 Hic
154 927 272 986 Hecuba
284 932 314 985 et
327 925 409 986 natae
423 928 591 1001 nequiquam
604 928 704 984 altaria
717 929 827 999 circum,
944 953 981 992 ,ις

82 1024 252 1098 Praecipites
265 1029 327 1081 atra
340 1042 390 1082 ceu
402 1028 568 1097 tempestate
582 1024 732 1097 columbae,

82 1121 243 1179 Condemae
257 1126 287 1178 et
300 1121 394 1179 divom
408 1121 549 1193 amplexae
563 1121 710 1179 simulacra
723 1122 865 1183 sedebant.
975 1124 977 1128 ⁴

81 1216 180 1290 Ipsum
193 1222 287 1274 autem
301 1217 419 1290 sumptis
433 1217 576 1274 Priamum
588 1218 763 1276 iuvenalibus
776 1219 860 1275 armis

81 1311 125 1370 Ut
138 1312 219 1384 vidit,
238 1315 324 1385 ‘quae
337 1330 415 1371 mens
429 1317 489 1370 tam
503 1314 570 1385 dira,
586 1315 738 1373 miserrimc
752 1316 879 1384 coniunx,
898 1350 900 1355 -

81 1408 190 1482 Inpulit
203 1408 248 1466 his
261 1408 335 1481 cingi
348 1408 430 1467 talisi
449 1415 499 1466 aut
512 1427 567 1482 quo
580 1411 638 1467 ruis
647 1411 668 1468 i'
682 1410 782 1483 inquit.
940 1436 979 1475 φο

83 1505 166 1563 ‘Non
180 1506 231 1563 tali
245 1505 347 1562 auxilio
361 1523 411 1562 nec
424 1505 613 1564 defensoribus
626 1507 689 1564 istis

81 1601 202 1673 Tempus
216 1605 285 1674 eget,
302 1618 364 1671 non,
380 1602 405 1658 si
418 1601 476 1674 ipse
489 1619 567 1659 meru
581 1620 654 1659 nunc
668 1603 775 1660 adforet
790 1602 901 1660 Hector.

81 1696 147 1754 Huc
161 1696 275 1754 tandem
288 1697 422 1769 concede,
442 1697 510 1754 hacc
523 1715 572 1754 ara
585 1698 710 1755 tuebitur
724 1699 820 1771 omnis,

80 1794 141 1850 Aut
154 1793 269 1850 moriere
283 1793 384 1851 simui'
425 1792 472 1851 sic
486 1811 531 1851 ore
545 1793 629 1850 effata
642 1794 745 1865 recepit

79 1889 127 1947 Ad
141 1906 200 1946 sese
213 1895 242 1946 et
255 1906 333 1947 sacra
345 1889 509 1962 longaevum
522 1889 552 1946 in
565 1888 630 1946 sede
643 1889 752 1947 locavit.
939 1911 977 1948 ⁵2⁵

80 2054 197 2104 cao-566.
221 2054 272 2103 m
283 2053 388 2102 murder
398 2056 428 2116 of
434 2055 532 2104 Priona
562 2054 588 2111 ¹I
596 2069 640 2103 arn
651 2054 695 2115 lest
706 2053 785 2104 aiom.
876 2124 881 2130 .
901 2101 916 2112 ,.

162 2179 233 2237 Ecce
247 2184 341 2237 autem
354 2179 462 2253 elapsus
477 2179 577 2251 Pyrrhi
590 2181 625 2238 do
639 2179 721 2238 caede
735 2180 847 2251 Polites,
868 2188 875 2204 ⁹

80 2276 164 2334 Unus
177 2281 306 2334 natorum
320 2276 432 2345 Priami,
446 2295 495 2349 per
508 2277 572 2348 tela,
587 2295 637 2349 per
649 2276 738 2334 hostis

79 2372 238 2430 Porticibus
251 2372 341 2445 longis
354 2371 428 2444 fugit
442 2378 471 2430 et
484 2390 573 2430 vacua
586 2373 659 2429 atria
671 2371 774 2430 lustrat

80 2461 204 2528 Saucius
249 2468 335 2526 Illum
349 2468 448 2526 ardena
461 2469 563 2526 infesto
576 2469 687 2527 volnere
702 2469 825 2540 Pyrrhus
932 2486 935 2491 ·

80 2566 248 2638 Insequitur,
264 2566 320 2622 iam
334 2566 444 2638 iamque
457 2563 542 2623 ma'nu
555 2570 632 2623 tenet
646 2571 675 2622 et
689 2566 790 2638 premit
801 2565 891 2624 hasta
940 2590 981 2631 sao,

81 2663 125 2721 Ut
139 2662 252 2720 tandem
266 2668 330 2720 ante
345 2662 437 2720 oculos
450 2663 539 2720 evasit
553 2668 582 2719 ct
596 2680 644 2719 ora
657 2667 810 2734 parentum,

81 2757 211 2816 Concidit
224 2776 256 2815 ac
269 2758 360 2816 multo
372 2759 461 2815 vitam
475 2777 538 2815 cum
551 2759 683 2831 sanguine
697 2758 778 2817 fudit.

81 2853 139 2910 Hic
153 2852 287 2925 Priamus,
304 2872 471 2926 quamquam
485 2855 515 2910 in
528 2855 620 2912 media
632 2855 688 2911 iam
703 2860 791 2913 morte
805 2861 922 2927 tenotru,

82 2949 148 3007 Non
162 2954 256 3007 tamen
270 2951 412 3022 abstinuit,
429 2968 479 3008 nec
492 2951 554 3008 voci
567 2951 677 3023 iraeque
690 2953 818 3024 pepercit.
916 3017 918 3023 y

85 3046 141 3103 ‘At
155 3046 208 3102 tibi
221 3064 271 3119 pro
285 3046 401 3118 scelere,’
416 3048 559 3118 exclamat,
579 3051 643 3119 ‘pro
657 3048 760 3104 talibus
775 3034 856 3119 ausis,
942 3045 979 3113 53'3

81 3142 129 3213 Di,
145 3142 225 3214 siqua
239 3147 281 3200 eat
293 3135 370 3200 ¹caelo
382 3144 478 3215 pietas,
495 3162 565 3215 quae
580 3144 648 3200 talia
662 3148 746 3215 curet,

82 3237 247 3295 Persolvant
261 3243 353 3310 grates
367 3238 464 3310 dignas
478 3244 507 3296 et
521 3240 644 3311 praemia
657 3239 775 3297 reddant

80 3334 194 3406 Debita,
211 3335 259 3406 qui
272 3334 333 3391 nati
348 3353 437 3391 coram
451 3354 496 3393 mc
510 3354 618 3393 cernere
631 3337 718 3392 letum
