2136 3660
374 221 549 273 spumeos
566 221 631 274 LlB.
652 222 687 274 11.

87 358 220 418 Perfusus
232 359 310 418 sunio
322 358 409 418 vittas
423 365 537 434 atroque
550 379 664 434 veneno,

87 455 228 516 Olsmores
241 455 325 514 simul
337 456 487 514 horrendos
500 458 537 514 ud
550 458 641 516 sidere
654 459 737 531 tollit,

87 553 184 625 Qualis
197 554 329 627 mugitus,
344 554 418 627 fugit
432 572 495 612 cum
508 556 617 613 saucius
630 573 706 613 arem

87 650 194 708 Taurus
208 655 238 708 et
251 650 385 708 incertam
399 651 520 708 excussit
534 652 638 710 cervice
652 652 776 711 securim

86 747 127 804 At
140 746 243 821 gemini
255 745 336 820 lapsu
349 747 463 805 delubra
476 748 512 805 ed
525 767 633 807 summa
646 749 776 808 dracones
942 771 980 812 aas

85 845 247 917 Diffugiunt
260 861 411 917 saevaeque
424 850 526 918 petunt
540 845 691 904 Tritonidis
705 865 804 922 urcem,

86 941 146 999 Sub
159 941 330 1014 pedibusque
344 941 410 999 dese
424 941 557 1015 clipeique
572 942 625 999 sub
639 943 703 1000 orbe
718 949 857 1018 teguntur.

85 1037 158 1094 Tum
171 1055 237 1095 vero
250 1037 412 1095 tremefacto
425 1055 512 1095 novus
525 1056 574 1112 per
587 1044 699 1112 pectora
712 1043 818 1101 cunctis

85 1133 215 1191 Insinuet
228 1134 320 1207 pavor,
337 1139 366 1191 et
379 1134 467 1192 scelus
481 1135 641 1208 expendisse
655 1143 806 1196 merentem

85 1230 242 1288 [noscente
254 1230 355 1302 fenmt,
371 1248 479 1288 sacrum
492 1232 541 1304 qui
555 1232 667 1305 cuspide
680 1232 764 1290 robur
940 1264 979 1304 ψ

85 1327 210 1385 Iuesorit
223 1332 252 1385 et
265 1332 343 1400 tergo
356 1326 517 1384 sceleratam
529 1327 671 1386 intorserit
685 1328 802 1390 hostum.

86 1505 202 1556 232-253.
229 1503 273 1554 We
283 1504 347 1566 uras
357 1504 397 1554 tlte
407 1504 476 1554 berse
487 1506 523 1556 io.
560 1505 640 1569 Niqbt
650 1521 726 1556 menes
736 1522 774 1557 ou.

83 1631 249 1692 Ducendum
263 1632 299 1690 od
312 1632 390 1690 sedes
404 1633 582 1690 simulacrum
596 1633 753 1707 orandaque
768 1635 848 1694 divae

83 1730 209 1788 Numina
222 1729 401 1788 conclamant.

82 1826 243 1885 Dividimus
256 1844 348 1883 muros
362 1831 391 1884 et
404 1824 512 1882 moenie
524 1825 671 1898 pendimus
684 1825 761 1884 urbis
774 1847 782 1886 ε

82 1923 240 1997 Accingcmt
253 1941 347 1980 omnes
361 1923 442 1996 operi,
458 1922 627 1996 pedibusque
641 1927 765 1981 rotonum
938 1952 976 1992 235

82 2019 231 2078 Subiciunt
244 2019 345 2093 lapsus,
361 2024 390 2076 et
404 2025 520 2092 stuppea
532 2019 644 2077 vinceda
657 2019 726 2077 collo

82 2115 245 2175 Intendunt
288 2114 403 2173 scandit
417 2115 510 2173 sutelis
523 2115 652 2173 machine
665 2135 758 2175 muros

83 2212 154 2270 Fete
166 2212 256 2270 ermis.
301 2211 383 2269 Pueri
397 2213 499 2269 circum
512 2214 699 2286 innuptaeque
712 2215 820 2287 puellos

82 2308 167 2368 Socra
180 2313 283 2366 canunt
296 2308 444 2382 funemque
457 2328 542 2367 manu
555 2311 713 2383 contingere
726 2313 855 2384 gaudent

81 2406 226 2464 Hlusubit
239 2405 398 2479 mediaeque
411 2407 519 2464 minens
532 2407 667 2464 inlabitur
680 2408 749 2466 urbi
937 2437 976 2475 240

82 2502 107 2561 Ο
120 2502 218 2575 putria,
234 2520 251 2559 o
264 2501 358 2559 divom
372 2502 469 2559 domus
482 2503 568 2559 ilium
581 2508 611 2561 et
623 2503 729 2561 incluto
742 2504 815 2562 bello

82 2599 195 2657 Moeniu
208 2599 401 2656 Dardanidum
412 2603 418 2658 Ι
439 2605 537 2672 quater
550 2600 610 2673 ipso
623 2600 653 2656 in
666 2600 761 2660 limine
774 2608 870 2677 portus

82 2696 217 2754 Substitit
230 2702 314 2770 utque
328 2702 406 2754 utero
419 2698 541 2754 sonitum
554 2704 652 2771 quater
665 2717 742 2756 arma
755 2700 854 2759 dedere
867 2722 874 2760 ε

81 2794 223 2851 Instemus
237 2799 331 2852 tumen
344 2795 508 2852 inmemores
522 2788 647 2867 caecique
661 2795 760 2870 imore,

81 2891 121 2948 Et
134 2896 287 2949 monstrum
300 2891 397 2950 infelix
411 2897 518 2949 sacrato
531 2893 655 2950 sistimus
668 2911 737 2952 erce.
937 2921 974 2960 24⁵

82 2988 159 3046 Tunc
172 2989 257 3047 etium
270 2989 337 3047 fatis
351 2990 440 3063 aperit
455 2989 610 3048 Cassandro
622 2991 724 3047 futuris

81 3085 138 3144 Ora
151 3085 195 3143 dei
208 3086 285 3143 iussu
298 3105 353 3144 non
366 3105 498 3161 umquam
512 3087 616 3145 credits
630 3087 759 3147 Teucris:

82 3181 142 3239 Nos
156 3182 271 3240 delubra
284 3184 366 3242 deum
379 3185 479 3257 miseri,
496 3185 597 3258 quibus
610 3185 726 3243 ultimus
740 3191 813 3244 esset

82 3269 134 3339 llle
148 3280 214 3352 dies,
230 3281 302 3338 festa
315 3281 439 3340 velumus
453 3283 549 3340 fronde
561 3301 611 3356 per
624 3283 727 3342 urbem

162 3375 289 3434 Vertitur
302 3378 407 3435 interea
420 3379 525 3436 coelum
538 3384 567 3436 et
580 3379 751 3438 ruitocesno
764 3380 830 3439 Nox
935 3407 973 3447 ιφ
