2136 3660
340 203 512 255 intumos
529 205 594 254 LIB.
618 205 667 255 III.
919 206 951 254 la

57 349 203 406 Murmure
217 348 385 405 Trinacriam
400 353 428 404 et
442 347 548 404 caelum
562 346 706 405 subtexere
720 346 802 404 fumo.

57 447 179 503 Noctem
193 446 269 503 illam
284 446 351 503 tecti
364 445 442 502 silvis
456 445 588 500 immania
600 449 724 518 monstra

58 543 234 611 Perlerimus,
248 560 298 599 neo
311 560 382 615 quae
395 542 517 597 sonitum
531 540 579 598 det
593 559 674 598 causa
687 541 819 598 videmus.

57 641 87 696 N
88 658 134 697 am
148 657 235 713 neque
249 645 327 696 erant
341 644 476 694 astrorum
491 637 567 710 ignes
581 655 631 694 neo
644 637 753 695 luridus
766 637 862 695 aethra
915 649 950 699 ⁵8⁵

58 737 172 795 Siderea
185 736 272 810 polus,
287 737 401 793 obscuro
415 736 464 792 sed
477 735 574 792 nubila
588 735 670 805 caelo,

57 833 97 891 Et
110 835 205 891 lunam
219 834 248 889 in
261 833 355 889 nimbo
369 850 424 889 nox
437 828 604 905 intempesta
618 832 737 889 tenebat.

57 1071 172 1118 ssa-612.
199 1068 233 1116 W
231 1083 242 1116 c
253 1073 313 1116 meet
324 1082 341 1115 a
353 1066 436 1126 Greek,
449 1065 503 1114 who
514 1067 605 1114 claime
615 1080 662 1114 our
669 1066 809 1127 procedito.

138 1207 253 1263 Postera
265 1207 375 1278 iamque
389 1205 447 1263 dies
460 1205 550 1278 primo
563 1206 694 1278 surgebat
708 1204 774 1276 Eoo,

57 1305 262 1375 Umentemque
275 1302 383 1359 Aurora
395 1302 458 1375 polo
472 1302 624 1359 dimoverat
638 1302 763 1360 umbram
773 1324 782 1376 3

56 1401 130 1458 Cum
144 1401 236 1459 subito
250 1418 265 1457 e
278 1399 356 1456 silvis
369 1400 456 1456 macie
469 1399 593 1456 confecta
605 1417 732 1472 suprema

56 1498 152 1570 Ignoti
165 1515 236 1553 nova
249 1497 338 1552 forma
350 1496 404 1553 viri
418 1496 627 1569 miserandaque
641 1497 719 1554 cultu

56 1594 186 1652 Procedit
200 1593 368 1666 supplexque
381 1611 480 1649 manus
493 1593 530 1649 ad
542 1593 625 1649 litora
639 1594 737 1650 tendit.

55 1693 246 1765 Respicimus:
268 1692 328 1748 dira
341 1690 459 1748 inluvies
473 1690 640 1761 inmissaque
654 1690 748 1763 barba,

56 1791 221 1848 Consertum
236 1793 365 1860 tegumen
378 1786 474 1859 spinis,
489 1793 520 1842 at
534 1791 624 1843 cetera
637 1785 747 1859 Graius,

55 1888 96 1943 Et
110 1886 247 1958 quondam
260 1885 358 1958 patriis
372 1884 408 1940 ad
421 1883 531 1941 Troiam
545 1883 646 1940 missus
660 1883 689 1938 in
703 1883 792 1941 armis

55 1985 141 2056 Isque
154 1983 203 2040 ubi
215 1982 371 2039 Dardanios
384 1980 498 2038 habitus
512 1985 540 2037 et
555 1980 637 2037 Troia
649 1980 722 2037 vidit

55 2082 144 2138 Arma
157 2079 259 2153 procul,
274 2079 388 2152 paulum
401 2082 514 2151 aspectu
528 2077 693 2134 conterritus
706 2078 796 2136 haesit

56 2177 256 2248 Continuitque
269 2176 385 2247 gradum
398 2197 405 2244 3
425 2193 490 2231 mox
503 2192 562 2232 sese
575 2175 612 2231 ad
624 2174 708 2232 litora
720 2193 848 2249 praeceps

56 2277 129 2334 (lum
142 2274 211 2331 fletu
224 2272 404 2345 precibusque
419 2272 504 2330 tulit:
528 2273 593 2344 ‘per
605 2271 696 2329 sidera
709 2277 804 2346 testor,

56 2374 111 2431 Per
124 2388 235 2443 superos
249 2376 332 2441 atque
345 2369 398 2425 hoc
411 2368 479 2425 caeli
492 2368 622 2441 spirabile
635 2368 737 2440 lumen,

56 2468 159 2527 Tollite
172 2484 224 2539 me,
240 2465 355 2539 Teucri;
374 2482 561 2537 quascumque
574 2464 702 2521 abducite
716 2470 821 2539 terras3

56 2567 120 2624 Hoc
133 2569 177 2621 sat
191 2563 251 2620 erit.
295 2562 357 2620 Scio
370 2579 415 2619 me
428 2561 534 2618 Danais
548 2578 563 2617 e
577 2559 709 2617 classibus
723 2579 816 2634 unum,

55 2663 95 2719 Et
109 2660 181 2719 bello
195 2661 294 2717 Iliacos
308 2660 396 2717 fateor
409 2658 521 2731 petiisse
535 2662 657 2730 penates.

54 2758 187 2830 Proque,
202 2757 226 2813 si
240 2756 349 2813 sceleris
363 2760 444 2812 tanta
457 2760 500 2812 est
514 2755 615 2811 iniuria
628 2754 723 2828 nostri,

55 2855 183 2928 Spargite
197 2872 240 2911 me
254 2853 406 2922 inductus,
420 2856 554 2924 vastoque
568 2852 713 2924 inmergite
725 2857 815 2925 ponto

55 2953 87 3010 Si
100 2968 189 3024 pereo,
203 2950 345 3006 hominnm
359 2949 487 3006 manibus
501 2948 613 3021 periisse
627 2949 754 3007 iuvabit!

54 3049 182 3119 Dixerat,
197 3053 226 3104 et
239 3064 329 3118 genua
342 3046 484 3118 amplexus
498 3045 667 3118 genibusque
680 3045 808 3103 volutans

54 3142 204 3200 Haerebat.
245 3139 300 3208 Qui
313 3141 351 3196 sit
365 3139 425 3212 fari,
441 3156 495 3211 quo
509 3139 642 3212 sanguine
655 3144 752 3212 cretus,

54 3240 217 3309 Hortamur,
234 3255 304 3309 quae
319 3235 417 3293 deinde
431 3236 519 3308 agitet
533 3237 645 3293 fortuna
658 3237 746 3295 fateri.

54 3335 119 3408 Ipse
132 3339 211 3408 pater
225 3332 350 3390 dextram
364 3333 498 3392 Anchises
511 3332 583 3392 haut
595 3331 690 3392 multa
700 3340 834 3392 moratus
929 3344 973 3381 <m

467 3454 470 3459 '
496 3443 516 3486 Ε
