2136 3660
83 209 115 260 20
341 202 369 254 P.
389 201 532 254 VERGILI
550 200 708 252 MARONIS

83 345 186 403 Fecisti
199 347 228 402 et
241 341 345 417 patrios
359 340 477 399 foedasti
490 340 586 397 irruere
598 339 699 398 voltus

83 443 123 499 At
136 459 191 499 non
204 441 259 511 ille,
276 444 368 497 satum
382 455 437 511 quo
451 442 480 495 te
493 437 627 508 mentiris,
643 436 766 494 Achilles
942 460 983 499 540

81 538 157 596 Talis
170 538 200 594 iu
213 537 293 593 hoste
306 534 361 592 fuit
375 534 504 606 Priam03
524 533 573 591 sed
586 533 648 589 iura
660 533 797 605 iidemque

82 633 220 706 Supplicia
234 632 352 703 erubuit,
369 647 520 703 corpusque
534 647 657 702 exangue
670 629 814 702 sepulchro

82 729 216 787 Reddidit
230 727 406 798 Hectoreum,
422 743 520 798 meque
534 725 564 782 iu
578 744 640 783 mea
652 743 735 797 regna
748 723 873 782 remisit'

82 825 128 884 Sic
141 825 216 883 fatus
230 825 320 883 senior
332 823 474 895 telumque
488 821 589 879 inbelle
602 822 661 878 sine
674 821 733 878 ictu

82 921 214 992 coniecit,
230 938 312 978 rauco
325 919 399 992 quod
412 917 539 991 protinus
552 935 614 975 aere
627 917 767 990 repulsum
941 940 981 980 ³43

82 1017 121 1075 Et
134 1036 242 1074 summo
256 1016 336 1089 clipei
350 1015 517 1088 nequiquam
531 1014 650 1071 umbone
662 1013 801 1087 pependit.

82 1114 135 1172 cui
150 1114 290 1185 Pyrrhus:
313 1111 428 1170 ‘referes
441 1130 505 1184 ergo
518 1111 586 1169 haec
599 1115 629 1168 et
641 1111 756 1167 nuntius
769 1111 824 1167 ibis

82 1210 193 1267 Pelidae
206 1209 342 1284 genitori;
362 1208 405 1265 illi
418 1226 481 1265 mee
493 1207 586 1265 tristia
599 1207 674 1264 facta

81 1306 305 1380 Degeneremque
319 1304 533 1377 Neoptolemum
545 1322 656 1362 narrare
669 1308 814 1361 memento.

81 1402 111 1459 N
112 1420 165 1459 unc
179 1402 301 1460 morere'
342 1400 404 1457 Hoc
415 1400 508 1457 dicens
519 1400 622 1458 altaria
634 1401 671 1457 ad
684 1401 745 1473 ipse
754 1403 919 1457 trementem
940 1424 982 1464 ⁵⁵0

82 1498 179 1555 Traxit
193 1502 221 1554 et
234 1498 264 1554 iu
278 1497 368 1554 multo
381 1497 537 1569 lapsantem
550 1497 682 1570 sanguim
695 1496 764 1565 neti,

82 1594 269 1668 Inplicuitque
283 1612 390 1651 comam
403 1593 489 1664 laeua,
503 1594 657 1666 dextraque
671 1611 814 1650 coruscum

82 1690 193 1748 Extulit
207 1708 238 1747 ac
251 1690 333 1748 lateri
346 1691 443 1765 capulo
457 1695 539 1748 tenus
552 1690 661 1748 abdidit
675 1707 775 1748 susem

82 1787 160 1845 Haec
173 1787 237 1845 finis
251 1788 363 1860 Priami,
378 1788 500 1845 fatorum
512 1787 559 1845 hic
572 1787 665 1845 exitus
678 1785 758 1842 illum

82 1883 163 1943 Sorte
177 1884 251 1956 tulit,
268 1886 378 1943 Troiam
391 1886 531 1943 incensam
544 1889 574 1942 et
587 1884 715 1958 prolapsa
727 1882 868 1940 ridentem
940 1910 982 1947 5⁵5

83 1981 223 2054 Pergama,
240 1986 284 2039 tot
297 1983 437 2054 quondam
450 1982 559 2055 populis
573 1981 708 2053 terrisque
722 1979 870 2053 superbum

83 2075 266 2148 Regnatorem
280 2076 369 2135 Asiae
413 2077 491 2134 Iacet
503 2076 600 2148 ingens
613 2075 695 2134 litore
708 2081 822 2133 trumcus

84 2171 271 2244 Avolsumque
284 2172 386 2229 umeris
397 2176 483 2244 caput
494 2176 526 2229 et
538 2172 599 2229 sine
612 2172 723 2229 nomine
734 2191 841 2245 corpus.

161 2268 203 2325 At
215 2285 260 2324 me
274 2272 335 2324 tum
348 2268 469 2341 primum
482 2285 581 2325 saeuus
596 2267 779 2326 circumstetit
793 2267 895 2326 horror.

82 2362 230 2438 Obstipui:
251 2364 337 2422 subiit
351 2365 407 2422 cari
419 2365 552 2438 genitoris
565 2365 664 2438 imago,
941 2382 981 2430 ὅσα

82 2459 126 2518 Ut
139 2478 229 2533 regem
244 2478 410 2533 aequaevom
424 2461 528 2530 crudeli
541 2462 652 2520 volnera
664 2461 724 2520 vidi

81 2557 179 2614 Vitam
193 2556 386 2632 exhalentem3
406 2558 494 2615 subiit
505 2559 616 2617 deserta
630 2557 733 2616 Creusa

81 2651 121 2710 Et
135 2652 243 2724 direpta
256 2652 353 2723 domus
367 2657 396 2710 et
408 2653 488 2726 parri
501 2672 580 2712 casus
595 2654 657 2712 Iuli.

81 2747 209 2820 Respicio
222 2752 260 2816 et,
274 2764 344 2819 quae
357 2748 395 2805 sit
408 2766 453 2806 me
466 2750 569 2807 cirrum
582 2751 666 2824 copia,
682 2750 777 2808 lustra

82 2841 233 2900 Deseruere
246 2860 340 2900 omnes
354 2843 460 2914 defessi,
476 2849 506 2902 et
519 2863 632 2918 corpora
644 2845 719 2904 saltu
940 2864 979 2916 ⁵⁶⁵

79 2936 128 2996 Ad
141 2944 243 3022 terram
256 2939 355 2997 misere
368 2945 418 2996 aut
430 2941 542 3012 ignibus
554 2959 636 3014 aegra
649 2941 753 3001 dedere

83 3104 197 3158 tat-588.
214 3107 234 3156 I
240 3109 317 3157 notice
327 3109 415 3168 Helen,
430 3109 483 3158 and
494 3125 537 3159 am
547 3111 650 3160 minded
661 3116 684 3161 to
693 3111 751 3175 eloy
761 3112 812 3162 lucr.
830 3067 832 3070 v

161 3223 289 3296 [Iamque
302 3226 371 3282 adeo
384 3243 466 3298 super
478 3243 551 3284 unus
565 3245 646 3299 eram,
662 3246 726 3284 cum
739 3227 837 3284 limina
850 3226 953 3286 Vestae

83 3315 244 3376 servantem
258 3326 287 3377 et
301 3321 416 3378 tacitam
429 3328 534 3380 secreta
546 3323 576 3381 in
589 3323 653 3382 sede
666 3323 799 3382 latentem
